@article{Auton_2015, title={A global reference for human genetic variation}, volume={526}, ISSN={1476-4687}, url={http://dx.doi.org/10.1038/nature15393}, DOI={10.1038/nature15393}, number={7571}, journal={Nature}, publisher={Springer Nature}, author={Auton, Adam and Abecasis, Gonçalo R. and Altshuler, David M. and Durbin, Richard M. and Abecasis, Gonçalo R. and Bentley, David R. and Chakravarti, Aravinda and Clark, Andrew G. and Donnelly, Peter and Eichler, Evan E. and et al.}, year={2015}, month={Sep}, pages={68–74}}
@article{Mendel_1866, title={Versuche über Pflanzen-Hybriden}, journal={Verh. Naturforsch. Ver. Brünn}, volume={4}, pages={3-47}, author={Mendel, Gregor}, year={1866}}
@article{Johannsen_1909, title={Elemente der exakten Erblichkeitslehre}, journal={Gustav Fischer Verlag, Jena}, year={1909}, author={Johannsen, W.}}
@article{Garrod_1902, title={THE INCIDENCE OF ALKAPTONURIA : A STUDY IN CHEMICAL INDIVIDUALITY.}, volume={160}, ISSN={0140-6736}, url={http://dx.doi.org/10.1016/S0140-6736(01)41972-6}, DOI={10.1016/s0140-6736(01)41972-6}, number={4137}, journal={The Lancet}, publisher={Elsevier BV}, author={Garrod, Archibald E.}, year={1902}, month={Dec}, pages={16161620}}
@article{Morgan_1915, title={The Mechanism of Mendelian Heredity}, author={Morgan, Thomas Hunt; Alfred H. Sturtevant, H. J. Muller and C. B. Bridges}, year={1915}, journal={Henry Holt, New York}}
@article{Beadle_1941, title={Genetic Control of Biochemical Reactions in Neurospora}, volume={27}, ISSN={1091-6490}, url={http://dx.doi.org/10.1073/pnas.27.11.499}, DOI={10.1073/pnas.27.11.499}, number={11}, journal={Proceedings of the National Academy of Sciences}, publisher={Proceedings of the National Academy of Sciences}, author={Beadle, G. W. and Tatum, E. L.}, year={1941}, month={Nov}, pages={499–506}}
@article{Avery_1944, title={STUDIES ON THE CHEMICAL NATURE OF THE SUBSTANCE INDUCING TRANSFORMATION OF PNEUMOCOCCAL TYPES: INDUCTION OF TRANSFORMATION BY A DESOXYRIBONUCLEIC ACID FRACTION ISOLATED FROM PNEUMOCOCCUS TYPE III}, volume={79}, ISSN={1540-9538}, url={http://dx.doi.org/10.1084/jem.79.2.137}, DOI={10.1084/jem.79.2.137}, number={2}, journal={Journal of Experimental Medicine}, publisher={Rockefeller University Press}, author={Avery, O. T.}, year={1944}, month={Feb}, pages={137–158}}
@article{Hershey_1952, title={INDEPENDENT FUNCTIONS OF VIRAL PROTEIN AND NUCLEIC ACID IN GROWTH OF BACTERIOPHAGE}, volume={36}, ISSN={1540-7748}, url={http://dx.doi.org/10.1085/jgp.36.1.39}, DOI={10.1085/jgp.36.1.39}, number={1}, journal={The Journal of General Physiology}, publisher={Rockefeller University Press}, author={Hershey, A. D.}, year={1952}, month={Sep}, pages={39–56}}
@article{Watson_1953, title={Molecular Structure of Nucleic Acids: A Structure for Deoxyribose Nucleic Acid}, volume={171}, ISSN={0028-0836}, url={http://dx.doi.org/10.1038/171737a0}, DOI={10.1038/171737a0}, number={4356}, journal={Nature}, publisher={Springer Nature}, author={WATSON, J. D. and CRICK, F. H. C.}, year={1953}, month={Apr}, pages={737–738}}
@article{Leder_1964, title={RNA CODEWORDS AND PROTEIN SYNTHESIS, III. ON THE NUCLEOTIDE SEQUENCE OF A CYSTEINE AND A LEUCINE RNA CODEWORD}, volume={52}, ISSN={1091-6490}, url={http://dx.doi.org/10.1073/pnas.52.6.1521}, DOI={10.1073/pnas.52.6.1521}, number={6}, journal={Proceedings of the National Academy of Sciences}, publisher={Proceedings of the National Academy of Sciences}, author={Leder, P. and Nirenberg, M. W.}, year={1964}, month={Dec}, pages={1521–1529}}
@article{Fiers_1976, title={Complete nucleotide sequence of bacteriophage MS2 RNA: primary and secondary structure of the replicase gene}, volume={260}, ISSN={0028-0836}, url={http://dx.doi.org/10.1038/260500a0}, DOI={10.1038/260500a0}, number={5551}, journal={Nature}, publisher={Springer Nature}, author={Fiers, W. and Contreras, R. and Duerinck, F. and Haegeman, G. and Iserentant, D. and Merregaert, J. and Min Jou, W. and Molemans, F. and Raeymaekers, A. and Van den Berghe, A. and et al.}, year={1976}, month={Apr}, pages={500–507}}
@article{Prusiner_1998, title={Nobel Lecture: Prions}, volume={95}, ISSN={1091-6490}, url={http://dx.doi.org/10.1073/pnas.95.23.13363}, DOI={10.1073/pnas.95.23.13363}, number={23}, journal={Proceedings of the National Academy of Sciences}, publisher={Proceedings of the National Academy of Sciences}, author={Prusiner, S. B.}, year={1998}, month={Nov}, pages={13363–13383}}
@article{Lander_2001, title={Initial sequencing and analysis of the human genome}, volume={409}, ISSN={0028-0836}, url={http://dx.doi.org/10.1038/35057062}, DOI={10.1038/35057062}, number={6822}, journal={Nature}, publisher={Springer Nature}, author={Lander, Eric S. and Linton, Lauren M. and Birren, Bruce and Nusbaum, Chad and Zody, Michael C. and Baldwin, Jennifer and Devon, Keri and Dewar, Ken and Doyle, Michael and FitzHugh, William and et al.}, year={2001}, month={Feb}, pages={860–921}}
@article{Prins_2015, title={Toward effective software solutions for big biology}, volume={33}, ISSN={1546-1696}, url={http://dx.doi.org/10.1038/nbt.3240}, DOI={10.1038/nbt.3240}, number={7}, journal={Nature Biotechnology}, publisher={Nature Publishing Group}, author={Prins, Pjotr and de Ligt, Joep and Tarasov, Artem and Jansen, Ritsert C and Cuppen, Edwin and Bourne, Philip E}, year={2015}, month={Jul}, pages={686–687}}
@article{Everett_2015, title={Reducing LDL with PCSK9 Inhibitors — The Clinical Benefit of Lipid Drugs}, volume={373}, ISSN={1533-4406}, url={http://dx.doi.org/10.1056/NEJMp1508120}, DOI={10.1056/nejmp1508120}, number={17}, journal={New England Journal of Medicine}, publisher={New England Journal of Medicine (NEJM/MMS)}, author={Everett, Brendan M. and Smith, Robert J. and Hiatt, William R.}, year={2015}, month={Oct}, pages={1588–1591}}
@article{Caudron_2013, title={A Super-Assembly of Whi3 Encodes Memory of Deceptive Encounters by Single Cells during Yeast Courtship}, volume={155}, ISSN={0092-8674}, url={http://dx.doi.org/10.1016/j.cell.2013.10.046}, DOI={10.1016/j.cell.2013.10.046}, number={6}, journal={Cell}, publisher={Elsevier BV}, author={Caudron, Fabrice and Barral, Yves}, year={2013}, month={Dec}, pages={1244–1257}}
@article{Chakrabortee_2016, title={Intrinsically Disordered Proteins Drive Emergence and Inheritance of Biological Traits}, volume={167}, ISSN={0092-8674}, url={http://dx.doi.org/10.1016/j.cell.2016.09.017}, DOI={10.1016/j.cell.2016.09.017}, number={2}, journal={Cell}, publisher={Elsevier BV}, author={Chakrabortee, Sohini and Byers, James S. and Jones, Sandra and Garcia, David M. and Bhullar, Bhupinder and Chang, Amelia and She, Richard and Lee, Laura and Fremin, Brayon and Lindquist, Susan and et al.}, year={2016}, month={Oct}, pages={369–381.e12}}
@article{Deelen_2015, title={Calling genotypes from public RNA-sequencing data enables identification of genetic variants that affect gene-expression levels}, volume={7}, ISSN={1756-994X}, url={http://dx.doi.org/10.1186/s13073-015-0152-4}, DOI={10.1186/s13073-015-0152-4}, number={1}, journal={Genome Medicine}, publisher={Springer Nature}, author={Deelen, Patrick and Zhernakova, Daria V and de Haan, Mark and van der Sijde, Marijke and Bonder, Marc Jan and Karjalainen, Juha and van der Velde, K Joeri and Abbott, Kristin M and Fu, Jingyuan and Wijmenga, Cisca and et al.}, year={2015}, month={Mar}}
@article{Wilkinson_2016, title={The FAIR Guiding Principles for scientific data management and stewardship}, volume={3}, ISSN={2052-4463}, url={http://dx.doi.org/10.1038/sdata.2016.18}, DOI={10.1038/sdata.2016.18}, journal={Sci. Data}, publisher={Nature Publishing Group}, author={Wilkinson, Mark D. and Dumontier, Michel and Aalbersberg, Ijsbrand Jan and Appleton, Gabrielle and Axton, Myles and Baak, Arie and Blomberg, Niklas and Boiten, Jan-Willem and da Silva Santos, Luiz Bonino and Bourne, Philip E. and et al.}, year={2016}, month={Mar}, pages={160018}}
@article{Ventola_2011, title={Pharmacogenomics in Clinical Practice: Reality and Expectations.}, year={2011}, author={Ventola, C. Lee.}, journal={Pharmacy and Therapeutics}, pages={412–450}, volume={36}, number={7}}
@article{Gazzo_2015, title={DIDA: A curated and annotated digenic diseases database}, volume={44}, ISSN={1362-4962}, url={http://dx.doi.org/10.1093/nar/gkv1068}, DOI={10.1093/nar/gkv1068}, number={D1}, journal={Nucleic Acids Research}, publisher={Oxford University Press (OUP)}, author={Gazzo, Andrea M. and Daneels, Dorien and Cilia, Elisa and Bonduelle, Maryse and Abramowicz, Marc and Van Dooren, Sonia and Smits, Guillaume and Lenaerts, Tom}, year={2015}, month={Oct}, pages={D900–D907}}
@article{Orphanet, author={Orphanet: an online database of rare diseases and orphan drugs. Copyright with INSERM 1997}, title={Available: http://www.orpha.net. [Accessed 14 nov 2016]}, journal={URL}, year={2016}}
@article{Firth_2009, title={DECIPHER: Database of Chromosomal Imbalance and Phenotype in Humans Using Ensembl Resources}, volume={84}, ISSN={0002-9297}, url={http://dx.doi.org/10.1016/j.ajhg.2009.03.010}, DOI={10.1016/j.ajhg.2009.03.010}, number={4}, journal={The American Journal of Human Genetics}, publisher={Elsevier BV}, author={Firth, Helen V. and Richards, Shola M. and Bevan, A. Paul and Clayton, Stephen and Corpas, Manuel and Rajan, Diana and Vooren, Steven Van and Moreau, Yves and Pettett, Roger M. and Carter, Nigel P.}, year={2009}, month={Apr}, pages={524–533}}
@article{Pellicer_2010, title={The largest eukaryotic genome of them all?}, volume={164}, ISSN={0024-4074}, url={http://dx.doi.org/10.1111/j.1095-8339.2010.01072.x}, DOI={10.1111/j.1095-8339.2010.01072.x}, number={1}, journal={Botanical Journal of the Linnean Society}, publisher={Wiley-Blackwell}, author={Pellicer, Jaume and Fay, Michael F. and Leitch, Ilia J.}, year={2010}, month={Sep}, pages={10–15}}
@article{Jongbloed_2010, title={New clinical molecular diagnostic methods for congenital and inherited heart disease}, volume={5}, ISSN={1753-0067}, url={http://dx.doi.org/10.1517/17530059.2011.540566}, DOI={10.1517/17530059.2011.540566}, number={1}, journal={Expert Opinion on Medical Diagnostics}, publisher={Informa Healthcare}, author={Jongbloed, Jan DH and Pósafalvi, Anna and Kerstjens-Frederikse, Wilhelmina S and Sinke, Richard J and van Tintelen, J Peter}, year={2010}, month={Dec}, pages={9–24}}
@article{Limdi_2008, title={Warfarin Pharmacogenetics}, volume={28}, ISSN={0277-0008}, url={http://dx.doi.org/10.1592/phco.28.9.1084}, DOI={10.1592/phco.28.9.1084}, number={9}, journal={Pharmacotherapy}, publisher={Wiley-Blackwell}, author={Limdi, Nita A and Veenstra, David L}, year={2008}, month={Sep}, pages={1084–1097}}
@article{van_Diemen_2017, title={Rapid Targeted Genomics in Critically Ill Newborns}, ISSN={1098-4275}, url={http://dx.doi.org/10.1542/peds.2016-2854}, DOI={10.1542/peds.2016-2854}, journal={Pediatrics}, publisher={American Academy of Pediatrics (AAP)}, author={van Diemen, Cleo C. and Kerstjens-Frederikse, Wilhelmina S. and Bergman, Klasien A. and de Koning, Tom J. and Sikkema-Raddatz, Birgit and van der Velde, Joeri K. and Abbott, Kristin M. and Herkert, Johanna C. and Löhner, Katharina and Rump, Patrick and et al.}, year={2017}, month={Sep}, pages={e20162854}}
@article{Smedley_2016, title={A Whole-Genome Analysis Framework for Effective Identification of Pathogenic Regulatory Variants in Mendelian Disease}, volume={99}, ISSN={0002-9297}, url={http://dx.doi.org/10.1016/j.ajhg.2016.07.005}, DOI={10.1016/j.ajhg.2016.07.005}, number={3}, journal={The American Journal of Human Genetics}, publisher={Elsevier BV}, author={Smedley, Damian and Schubach, Max and Jacobsen, Julius O.B. and Köhler, Sebastian and Zemojtel, Tomasz and Spielmann, Malte and Jäger, Marten and Hochheiser, Harry and Washington, Nicole L. and McMurry, Julie A. and et al.}, year={2016}, month={Sep}, pages={595–606}}
@article{Sobreira_2015, title={GeneMatcher: A Matching Tool for Connecting Investigators with an Interest in the Same Gene}, volume={36}, ISSN={1059-7794}, url={http://dx.doi.org/10.1002/humu.22844}, DOI={10.1002/humu.22844}, number={10}, journal={Human Mutation}, publisher={Wiley-Blackwell}, author={Sobreira, Nara and Schiettecatte, François and Valle, David and Hamosh, Ada}, year={2015}, month={Aug}, pages={928–930}}
@article{Corpas_2015, title={Crowdsourced direct-to-consumer genomic analysis of a family quartet}, volume={16}, ISSN={1471-2164}, url={http://dx.doi.org/10.1186/s12864-015-1973-7}, DOI={10.1186/s12864-015-1973-7}, number={1}, journal={BMC Genomics}, publisher={Springer Science + Business Media}, author={Corpas, Manuel and Valdivia-Granda, Willy and Torres, Nazareth and Greshake, Bastian and Coletta, Alain and Knaus, Alexej and Harrison, Andrew P. and Cariaso, Mike and Moran, Federico and Nielsen, Fiona and et al.}, year={2015}, month={Nov}}
@article{Walsh_2016, title={Reassessment of Mendelian gene pathogenicity using 7,855 cardiomyopathy cases and 60,706 reference samples}, ISSN={1530-0366}, url={http://dx.doi.org/10.1038/gim.2016.90}, DOI={10.1038/gim.2016.90}, journal={Genetics in Medicine}, publisher={Springer Nature}, author={Walsh, Roddy and Thomson, Kate L. and Ware, James S. and Funke, Birgit H. and Woodley, Jessica and McGuire, Karen J. and Mazzarotto, Francesco and Blair, Edward and Seller, Anneke and Taylor, Jenny C. and et al.}, year={2016}, month={Aug}}
@article{Minikel_2016, title={Quantifying prion disease penetrance using large population control cohorts}, volume={8}, ISSN={1946-6242}, url={http://dx.doi.org/10.1126/scitranslmed.aad5169}, DOI={10.1126/scitranslmed.aad5169}, number={322}, journal={Science Translational Medicine}, publisher={American Association for the Advancement of Science (AAAS)}, author={Minikel, E. V. and Vallabh, S. M. and Lek, M. and Estrada, K. and Samocha, K. E. and Sathirapongsasuti, J. F. and McLean, C. Y. and Tung, J. Y. and Yu, L. P. C. and Gambetti, P. and et al.}, year={2016}, month={Jan}, pages={322ra9–322ra9}}
@article{Manrai_2016, title={Genetic Misdiagnoses and the Potential for Health Disparities}, volume={375}, ISSN={1533-4406}, url={http://dx.doi.org/10.1056/NEJMsa1507092}, DOI={10.1056/nejmsa1507092}, number={7}, journal={New England Journal of Medicine}, publisher={New England Journal of Medicine (NEJM/MMS)}, author={Manrai, Arjun K. and Funke, Birgit H. and Rehm, Heidi L. and Olesen, Morten S. and Maron, Bradley A. and Szolovits, Peter and Margulies, David M. and Loscalzo, Joseph and Kohane, Isaac S.}, year={2016}, month={Aug}, pages={655–665}}
@article{Natarajan_2016, title={Aggregate penetrance of genomic variants for actionable disorders in European and African Americans}, volume={8}, ISSN={1946-6242}, url={http://dx.doi.org/10.1126/scitranslmed.aag2367}, DOI={10.1126/scitranslmed.aag2367}, number={364}, journal={Science Translational Medicine}, publisher={American Association for the Advancement of Science (AAAS)}, author={Natarajan, P. and Gold, N. B. and Bick, A. G. and McLaughlin, H. and Kraft, P. and Rehm, H. L. and Peloso, G. M. and Wilson, J. G. and Correa, A. and Seidman, J. G. and et al.}, year={2016}, month={Nov}, pages={364ra151–364ra151}}
@article{Cassa_2013, title={Large Numbers of Genetic Variants Considered to be Pathogenic are Common in Asymptomatic Individuals}, volume={34}, ISSN={1059-7794}, url={http://dx.doi.org/10.1002/humu.22375}, DOI={10.1002/humu.22375}, number={9}, journal={Human Mutation}, publisher={Wiley-Blackwell}, author={Cassa, Christopher A. and Tong, Mark Y. and Jordan, Daniel M.}, year={2013}, month={Aug}, pages={1216–1220}}
@article{Lonsdale_2013, title={The Genotype-Tissue Expression (GTEx) project}, volume={45}, ISSN={1546-1718}, url={http://dx.doi.org/10.1038/ng.2653}, DOI={10.1038/ng.2653}, number={6}, journal={Nature Genetics}, publisher={Springer Nature}, author={Lonsdale, John and Thomas, Jeffrey and Salvatore, Mike and Phillips, Rebecca and Lo, Edmund and Shad, Saboor and Hasz, Richard and Walters, Gary and Garcia, Fernando and Young, Nancy and et al.}, year={2013}, month={May}, pages={580–585}}
@article{Forrest_2014, title={A promoter-level mammalian expression atlas}, volume={507}, ISSN={1476-4687}, url={http://dx.doi.org/10.1038/nature13182}, DOI={10.1038/nature13182}, number={7493}, journal={Nature}, publisher={Springer Nature}, author={Forrest, Alistair R. R. and Kawaji, Hideya and Rehli, Michael and Kenneth Baillie, J. and de Hoon, Michiel J. L. and Haberle, Vanja and Lassmann, Timo and Kulakovskiy, Ivan V. and Lizio, Marina and Itoh, Masayoshi and et al.}, year={2014}, month={Mar}, pages={462–470}}
@article{Zatkova_2011, title={An update on molecular genetics of Alkaptonuria (AKU)}, volume={34}, ISSN={1573-2665}, url={http://dx.doi.org/10.1007/s10545-011-9363-z}, DOI={10.1007/s10545-011-9363-z}, number={6}, journal={Journal of Inherited Metabolic Disease}, publisher={Springer Nature}, author={Zatkova, Andrea}, year={2011}, month={Jul}, pages={1127–1136}}
@article{Dixon_2012, title={Topological domains in mammalian genomes identified by analysis of chromatin interactions}, volume={485}, ISSN={1476-4687}, url={http://dx.doi.org/10.1038/nature11082}, DOI={10.1038/nature11082}, number={7398}, journal={Nature}, publisher={Springer Nature}, author={Dixon, Jesse R. and Selvaraj, Siddarth and Yue, Feng and Kim, Audrey and Li, Yan and Shen, Yin and Hu, Ming and Liu, Jun S. and Ren, Bing}, year={2012}, month={Apr}, pages={376–380}}
@article{Franke_2016, title={Formation of new chromatin domains determines pathogenicity of genomic duplications}, volume={538}, ISSN={1476-4687}, url={http://dx.doi.org/10.1038/nature19800}, DOI={10.1038/nature19800}, number={7624}, journal={Nature}, publisher={Springer Nature}, author={Franke, Martin and Ibrahim, Daniel M. and Andrey, Guillaume and Schwarzer, Wibke and Heinrich, Verena and Schöpflin, Robert and Kraft, Katerina and Kempfer, Rieke and Jerković, Ivana and Chan, Wing-Lee and et al.}, year={2016}, month={Oct}, pages={265–269}}
@article{Green_2013b, title={ACMG recommendations for reporting of incidental findings in clinical exome and genome sequencing}, volume={15}, ISSN={1530-0366}, url={http://dx.doi.org/10.1038/gim.2013.73}, DOI={10.1038/gim.2013.73}, number={7}, journal={Genetics in Medicine}, publisher={Springer Nature}, author={Green, Robert C. and Berg, Jonathan S. and Grody, Wayne W. and Kalia, Sarah S. and Korf, Bruce R. and Martin, Christa L. and McGuire, Amy L. and Nussbaum, Robert L. and O’Daniel, Julianne M. and Ormond, Kelly E. and et al.}, year={2013}, month={Jun}, pages={565–574}}
@article{Harris_2016, author={Mary Harris}, title={Would You Want To Know The Secrets Hidden In Your Baby's Genes?}, url={http://www.npr.org/sections/health-shots/2016/10/27/499651062/would-you-want-to-know-the-secrets-hidden-in-your-babys-genes}, year={2016 October 31, 20163:42 AM ET}, journal={National Public Radio}}
@article{Wang_2014, title={Diagnostic Yield of Clinical Next-Generation Sequencing Panels for Epilepsy}, volume={71}, ISSN={2168-6149}, url={http://dx.doi.org/10.1001/jamaneurol.2014.405}, DOI={10.1001/jamaneurol.2014.405}, number={5}, journal={JAMA Neurol}, publisher={American Medical Association (AMA)}, author={Wang, Jason and Gotway, Garrett and Pascual, Juan M. and Park, Jason Y.}, year={2014}, month={May}, pages={650}}
@article{Mart_nez_2016, title={High diagnostic yield of syndromic intellectual disability by targeted next-generation sequencing}, ISSN={1468-6244}, url={http://dx.doi.org/10.1136/jmedgenet-2016-103964}, DOI={10.1136/jmedgenet-2016-103964}, journal={Journal of Medical Genetics}, publisher={BMJ}, author={Martínez, Francisco and Caro-Llopis, Alfonso and Roselló, Mónica and Oltra, Silvestre and Mayo, Sonia and Monfort, Sandra and Orellana, Carmen}, year={2016}, month={Sep}, pages={jmedgenet–2016–103964}}
@article{Daoud_2016, title={Next-generation sequencing for diagnosis of rare diseases in the neonatal intensive care unit}, volume={188}, ISSN={1488-2329}, url={http://dx.doi.org/10.1503/cmaj.150823}, DOI={10.1503/cmaj.150823}, number={11}, journal={Canadian Medical Association Journal}, publisher={Joule Inc.}, author={Daoud, H. and Luco, S. M. and Li, R. and Bareke, E. and Beaulieu, C. and Jarinova, O. and Carson, N. and Nikkel, S. M. and Graham, G. E. and Richer, J. and et al.}, year={2016}, month={May}, pages={E254–E260}}
@article{Yubero_2016, title={Targeted Next Generation Sequencing in Patients with Inborn Errors of Metabolism}, volume={11}, ISSN={1932-6203}, url={http://dx.doi.org/10.1371/journal.pone.0156359}, DOI={10.1371/journal.pone.0156359}, number={5}, journal={PLoS ONE}, publisher={Public Library of Science (PLoS)}, author={Yubero, Dèlia and Brandi, Núria and Ormazabal, Aida and Garcia-Cazorla, Àngels and Pérez-Dueñas, Belén and Campistol, Jaime and Ribes, Antonia and Palau, Francesc and Artuch, Rafael and Armstrong, Judith}, editor={Schiffmann, RaphaelEditor}, year={2016}, month={May}, pages={e0156359}}
@article{Lelieveld_2016, title={Meta-analysis of 2,104 trios provides support for 10 new genes for intellectual disability}, volume={19}, ISSN={1546-1726}, url={http://dx.doi.org/10.1038/nn.4352}, DOI={10.1038/nn.4352}, number={9}, journal={Nature Neuroscience}, publisher={Springer Nature}, author={Lelieveld, Stefan H and Reijnders, Margot R F and Pfundt, Rolph and Yntema, Helger G and Kamsteeg, Erik-Jan and de Vries, Petra and de Vries, Bert B A and Willemsen, Marjolein H and Kleefstra, Tjitske and Löhner, Katharina and et al.}, year={2016}, month={Aug}, pages={1194–1196}}
@article{Witteveen_2016, title={Haploinsufficiency of MeCP2-interacting transcriptional co-repressor SIN3A causes mild intellectual disability by affecting the development of cortical integrity}, volume={48}, ISSN={1546-1718}, url={http://dx.doi.org/10.1038/ng.3619}, DOI={10.1038/ng.3619}, number={8}, journal={Nature Genetics}, publisher={Springer Nature}, author={Witteveen, Josefine S and Willemsen, Marjolein H and Dombroski, Thaís C D and van Bakel, Nick H M and Nillesen, Willy M and van Hulten, Josephus A and Jansen, Eric J R and Verkaik, Dave and Veenstra-Knol, Hermine E and van Ravenswaaij-Arts, Conny M A and et al.}, year={2016}, month={Jul}, pages={877–887}}
@article{EVS, author={Exome Variant Server, NHLBI GO Exome Sequencing Project (ESP) at Seattle WA}, journal={URL}, title={Available: http://evs.gs.washington.edu/EVS/. [Accessed 20 Oct 2014]}, year={2014}}
@article{Strom_2011, title={Cystic fibrosis testing 8 years on: Lessons learned from carrier screening and sequencing analysis}, volume={13}, ISSN={1530-0366}, url={http://dx.doi.org/10.1097/GIM.0b013e3181fa24c4}, DOI={10.1097/gim.0b013e3181fa24c4}, number={2}, journal={Genetics in Medicine}, publisher={Springer Nature}, author={Strom, Charles M and Crossley, Beryl and Buller-Buerkle, Arlene and Jarvis, Michael and Quan, Franklin and Peng, Mei and Muralidharan, Kasinathan and Pratt, Victoria and Redman, Joy B and Sun, Weimin}, year={2011}, month={Jan}, pages={166–172}}
@article{MacArthur_2012, title={A Systematic Survey of Loss-of-Function Variants in Human Protein-Coding Genes}, volume={335}, ISSN={1095-9203}, url={http://dx.doi.org/10.1126/science.1215040}, DOI={10.1126/science.1215040}, number={6070}, journal={Science}, publisher={American Association for the Advancement of Science (AAAS)}, author={MacArthur, D. G. and Balasubramanian, S. and Frankish, A. and Huang, N. and Morris, J. and Walter, K. and Jostins, L. and Habegger, L. and Pickrell, J. K. and Montgomery, S. B. and et al.}, year={2012}, month={Feb}, pages={823–828}}
@article{Wood_2014, title={Defining the role of common variation in the genomic and biological architecture of adult human height}, volume={46}, ISSN={1546-1718}, url={http://dx.doi.org/10.1038/ng.3097}, DOI={10.1038/ng.3097}, number={11}, journal={Nature Genetics}, publisher={Springer Nature}, author={Wood, Andrew R and Esko, Tonu and Yang, Jian and Vedantam, Sailaja and Pers, Tune H and Gustafsson, Stefan and Chu, Audrey Y and Estrada, Karol and Luan, Jian’an and Kutalik, Zoltán and et al.}, year={2014}, month={Oct}, pages={1173–1186}}
@article{Zhu_2016, title={Integration of summary data from GWAS and eQTL studies predicts complex trait gene targets}, volume={48}, ISSN={1546-1718}, url={http://dx.doi.org/10.1038/ng.3538}, DOI={10.1038/ng.3538}, number={5}, journal={Nat Genet}, publisher={Nature Publishing Group}, author={Zhu, Zhihong and Zhang, Futao and Hu, Han and Bakshi, Andrew and Robinson, Matthew R and Powell, Joseph E and Montgomery, Grant W and Goddard, Michael E and Wray, Naomi R and Visscher, Peter M and et al.}, year={2016}, month={Mar}, pages={481–487}}
@article{Dudbridge_2013, title={Correction: Power and Predictive Accuracy of Polygenic Risk Scores}, volume={9}, ISSN={1553-7404}, url={http://dx.doi.org/10.1371/annotation/b91ba224-10be-409d-93f4-7423d502cba0}, DOI={10.1371/annotation/b91ba224-10be-409d-93f4-7423d502cba0}, number={4}, journal={PLoS Genet}, publisher={Public Library of Science (PLoS)}, author={Dudbridge, Frank}, editor={Wray, Naomi R.Editor}, year={2013}, month={Apr}}
@article{Belsky_2013, title={Development and Evaluation of a Genetic Risk Score for Obesity}, volume={59}, ISSN={1948-5573}, url={http://dx.doi.org/10.1080/19485565.2013.774628}, DOI={10.1080/19485565.2013.774628}, number={1}, journal={Biodemography and Social Biology}, publisher={Informa UK Limited}, author={Belsky, Daniel W. and Moffitt, Terrie E. and Sugden, Karen and Williams, Benjamin and Houts, Renate and McCarthy, Jeanette and Caspi, Avshalom}, year={2013}, month={Jan}, pages={85–100}}
@article{Malik_2014, title={Multilocus Genetic Risk Score Associates With Ischemic Stroke in Case-Control and Prospective Cohort Studies}, volume={45}, ISSN={1524-4628}, url={http://dx.doi.org/10.1161/STROKEAHA.113.002938}, DOI={10.1161/strokeaha.113.002938}, number={2}, journal={Stroke}, publisher={Ovid Technologies (Wolters Kluwer Health)}, author={Malik, R. and Bevan, S. and Nalls, M. A. and Holliday, E. G. and Devan, W. J. and Cheng, Y.-C. and Ibrahim-Verbaas, C. A. and Verhaaren, B. F. J. and Bis, J. C. and Joon, A. Y. and et al.}, year={2014}, month={Jan}, pages={394–402}}
@article{Manolio_2009, title={Finding the missing heritability of complex diseases}, volume={461}, ISSN={1476-4687}, url={http://dx.doi.org/10.1038/nature08494}, DOI={10.1038/nature08494}, number={7265}, journal={Nature}, publisher={Springer Nature}, author={Manolio, Teri A. and Collins, Francis S. and Cox, Nancy J. and Goldstein, David B. and Hindorff, Lucia A. and Hunter, David J. and McCarthy, Mark I. and Ramos, Erin M. and Cardon, Lon R. and Chakravarti, Aravinda and et al.}, year={2009}, month={Oct}, pages={747–753}}
@article{Taniguchi_2012, title={Protein phosphorylation involved in the gene expression of the hydrogen sulphide producing enzyme cystathionine gamma-lyase in the pancreatic beta-cell}, volume={350}, ISSN={0303-7207}, url={http://dx.doi.org/10.1016/j.mce.2011.11.016}, DOI={10.1016/j.mce.2011.11.016}, number={1}, journal={Molecular and Cellular Endocrinology}, publisher={Elsevier BV}, author={Taniguchi, Shigeki and Kimura, Toshihide and Umeki, Tatsuhito and Kimura, Yuka and Kimura, Hideo and Ishii, Isao and Itoh, Norimichi and Naito, Yasuhito and Yamamoto, Hideyuki and Niki, Ichiro}, year={2012}, month={Mar}, pages={31–38}}
@article{Phizicky_1995, title={Protein-protein interactions: methods for detection and analysis.}, author={E M Phizicky and S Fields}, journal={Microbiol Rev.}, year={1995}, month={Mar}, pages={94–123}, volume={59}, issue={1}}
@article{Bird_2002, title={DNA methylation patterns and epigenetic memory}, volume={16}, ISSN={0890-9369}, url={http://dx.doi.org/10.1101/gad.947102}, DOI={10.1101/gad.947102}, number={1}, journal={Genes and Development}, publisher={Cold Spring Harbor Laboratory Press}, author={Bird, A.}, year={2002}, month={Jan}, pages={6–21}}
@article{Eberharter_2002, title={Histone acetylation: a switch between repressive and permissive chromatin: Second in review series on chromatin dynamics}, volume={3}, ISSN={1469-3178}, url={http://dx.doi.org/10.1093/embo-reports/kvf053}, DOI={10.1093/embo-reports/kvf053}, number={3}, journal={EMBO Reports}, publisher={Wiley-Blackwell}, author={Eberharter, A.}, year={2002}, month={Mar}, pages={224–229}}
@article{Albert_2015, title={The role of regulatory variation in complex traits and disease}, volume={16}, ISSN={1471-0064}, url={http://dx.doi.org/10.1038/nrg3891}, DOI={10.1038/nrg3891}, number={4}, journal={Nature Reviews Genetics}, publisher={Springer Nature}, author={Albert, Frank W. and Kruglyak, Leonid}, year={2015}, month={Feb}, pages={197–212}}
@article{Westra_2013, title={Systematic identification of trans eQTLs as putative drivers of known disease associations}, volume={45}, ISSN={1546-1718}, url={http://dx.doi.org/10.1038/ng.2756}, DOI={10.1038/ng.2756}, number={10}, journal={Nature Genetics}, publisher={Springer Nature}, author={Westra, Harm-Jan and Peters, Marjolein J and Esko, Tõnu and Yaghootkar, Hanieh and Schurmann, Claudia and Kettunen, Johannes and Christiansen, Mark W and Fairfax, Benjamin P and Schramm, Katharina and Powell, Joseph E and et al.}, year={2013}, month={Sep}, pages={1238–1243}}
@article{Grapov_2015, title={Genomic, Proteomic, and Metabolomic Data Integration Strategies}, ISSN={1177-2719}, url={http://dx.doi.org/10.4137/BMI.S29511}, DOI={10.4137/bmi.s29511}, journal={BMI}, publisher={Libertas Academica, Ltd.}, author={Grapov, Dmitry and Fahrmann, Johannes and Wanichthanarak, Kwanjeera}, year={2015}, month={Sep}, pages={1}}
@article{Abifadel_2014, title={Living the PCSK9 Adventure: from the Identification of a New Gene in Familial Hypercholesterolemia Towards a Potential New Class of Anticholesterol Drugs}, volume={16}, ISSN={1534-6242}, url={http://dx.doi.org/10.1007/s11883-014-0439-8}, DOI={10.1007/s11883-014-0439-8}, number={9}, journal={Current Atherosclerosis Reports}, publisher={Springer Nature}, author={Abifadel, Marianne and Elbitar, Sandy and El Khoury, Petra and Ghaleb, Youmna and Chémaly, Mélody and Moussalli, Marie-Line and Rabès, Jean-Pierre and Varret, Mathilde and Boileau, Catherine}, year={2014}, month={Jul}}
@article{Zahiri_2013, title={Computational Prediction of Protein–Protein Interaction Networks: Algorithms and Resources}, volume={14}, ISSN={1389-2029}, url={http://dx.doi.org/10.2174/1389202911314060004}, DOI={10.2174/1389202911314060004}, number={6}, journal={Current Genomics}, publisher={Bentham Science Publishers Ltd.}, author={Zahiri, Javad and Bozorgmehr, Joseph and Masoudi-Nejad, Ali}, year={2013}, month={Sep}, pages={397–414}}
@article{Deelen_2014, title={Improved imputation quality of low-frequency and rare variants in European samples using the “Genome of The Netherlands”}, volume={22}, ISSN={1476-5438}, url={http://dx.doi.org/10.1038/ejhg.2014.19}, DOI={10.1038/ejhg.2014.19}, number={11}, journal={European Journal of Human Genetics}, publisher={Springer Nature}, author={Deelen, Patrick and Menelaou, Androniki and van Leeuwen, Elisabeth M and Kanterakis, Alexandros and van Dijk, Freerk and Medina-Gomez, Carolina and Francioli, Laurent C and Hottenga, Jouke Jan and Karssen, Lennart C and Estrada, Karol and et al.}, year={2014}, month={Jun}, pages={1321–1326}}
@article{Warde_Farley_2010, title={The GeneMANIA prediction server: biological network integration for gene prioritization and predicting gene function}, volume={38}, ISSN={1362-4962}, url={http://dx.doi.org/10.1093/nar/gkq537}, DOI={10.1093/nar/gkq537}, number={Web Server}, journal={Nucleic Acids Research}, publisher={Oxford University Press (OUP)}, author={Warde-Farley, D. and Donaldson, S. L. and Comes, O. and Zuberi, K. and Badrawi, R. and Chao, P. and Franz, M. and Grouios, C. and Kazi, F. and Lopes, C. T. and et al.}, year={2010}, month={Jun}, pages={W214–W220}}
@article{Van_der_Auwera_2013, title={From FastQ Data to High-Confidence Variant Calls: The Genome Analysis Toolkit Best Practices Pipeline}, ISBN={http://id.crossref.org/isbn/9780471250951}, url={http://dx.doi.org/10.1002/0471250953.bi1110s43}, DOI={10.1002/0471250953.bi1110s43}, journal={Current Protocols in Bioinformatics}, publisher={Wiley-Blackwell}, author={Van der Auwera, Geraldine A. and Carneiro, Mauricio O. and Hartl, Christopher and Poplin, Ryan and del Angel, Guillermo and Levy-Moonshine, Ami and Jordan, Tadeusz and Shakir, Khalid and Roazen, David and Thibault, Joel and et al.}, year={2013}, month={Oct}, pages={11.10.1–11.10.33}}
@article{Kutmon_2015, title={WikiPathways: capturing the full diversity of pathway knowledge}, volume={44}, ISSN={1362-4962}, url={http://dx.doi.org/10.1093/nar/gkv1024}, DOI={10.1093/nar/gkv1024}, number={D1}, journal={Nucleic Acids Research}, publisher={Oxford University Press (OUP)}, author={Kutmon, Martina and Riutta, Anders and Nunes, Nuno and Hanspers, Kristina and Willighagen, Egon L. and Bohler, Anwesha and Mélius, Jonathan and Waagmeester, Andra and Sinha, Sravanthi R. and Miller, Ryan and et al.}, year={2015}, month={Oct}, pages={D488–D494}}
@article{Fabregat_2015, title={The Reactome pathway Knowledgebase}, volume={44}, ISSN={1362-4962}, url={http://dx.doi.org/10.1093/nar/gkv1351}, DOI={10.1093/nar/gkv1351}, number={D1}, journal={Nucleic Acids Research}, publisher={Oxford University Press (OUP)}, author={Fabregat, Antonio and Sidiropoulos, Konstantinos and Garapati, Phani and Gillespie, Marc and Hausmann, Kerstin and Haw, Robin and Jassal, Bijay and Jupe, Steven and Korninger, Florian and McKay, Sheldon and et al.}, year={2015}, month={Dec}, pages={D481–D487}}
@article{Kanehisa_2015, title={KEGG as a reference resource for gene and protein annotation}, volume={44}, ISSN={1362-4962}, url={http://dx.doi.org/10.1093/nar/gkv1070}, DOI={10.1093/nar/gkv1070}, number={D1}, journal={Nucleic Acids Research}, publisher={Oxford University Press (OUP)}, author={Kanehisa, Minoru and Sato, Yoko and Kawashima, Masayuki and Furumichi, Miho and Tanabe, Mao}, year={2015}, month={Oct}, pages={D457–D462}}
@article{Fehrmann_2015, title={Gene expression analysis identifies global gene dosage sensitivity in cancer}, volume={47}, ISSN={1546-1718}, url={http://dx.doi.org/10.1038/ng.3173}, DOI={10.1038/ng.3173}, number={2}, journal={Nature Genetics}, publisher={Springer Nature}, author={Fehrmann, Rudolf S N and Karjalainen, Juha M and Krajewska, Małgorzata and Westra, Harm-Jan and Maloney, David and Simeonov, Anton and Pers, Tune H and Hirschhorn, Joel N and Jansen, Ritsert C and Schultes, Erik A and et al.}, year={2015}, month={Jan}, pages={115–125}}
@article{Arends_2010, title={R/qtl: high-throughput multiple QTL mapping}, volume={26}, ISSN={1460-2059}, url={http://dx.doi.org/10.1093/bioinformatics/btq565}, DOI={10.1093/bioinformatics/btq565}, number={23}, journal={Bioinformatics}, publisher={Oxford University Press (OUP)}, author={Arends, Danny and Prins, Pjotr and Jansen, Ritsert C. and Broman, Karl W.}, year={2010}, month={Oct}, pages={2990–2992}}
@article{Broman_2003, title={R/qtl: QTL mapping in experimental crosses}, volume={19}, ISSN={1460-2059}, url={http://dx.doi.org/10.1093/bioinformatics/btg112}, DOI={10.1093/bioinformatics/btg112}, number={7}, journal={Bioinformatics}, publisher={Oxford University Press (OUP)}, author={Broman, K. W. and Wu, H. and Sen, S. and Churchill, G. A.}, year={2003}, month={May}, pages={889–890}}
@article{Durrant_2011, title={Bioinformatics tools and database resources for systems genetics analysis in mice--a short review and an evaluation of future needs}, volume={13}, ISSN={1477-4054}, url={http://dx.doi.org/10.1093/bib/bbr026}, DOI={10.1093/bib/bbr026}, number={2}, journal={Briefings in Bioinformatics}, publisher={Oxford University Press (OUP)}, author={Durrant, C. and Swertz, M. A. and Alberts, R. and Arends, D. and Moller, S. and Mott, R. and Prins, P. and van der Velde, K. J. and Jansen, R. C. and Schughart, K.}, year={2011}, month={Jul}, pages={135–142}}
@article{Goecks_2010, title={Galaxy: a comprehensive approach for supporting accessible, reproducible, and transparent computational research in the life sciences}, volume={11}, ISSN={1465-6906}, url={http://dx.doi.org/10.1186/gb-2010-11-8-r86}, DOI={10.1186/gb-2010-11-8-r86}, number={8}, journal={Genome Biology}, publisher={Springer Nature}, author={Goecks, Jeremy and Nekrutenko, Anton and Taylor, James and Galaxy Team, The}, year={2010}, pages={R86}}
@article{Leu_2010, title={NordicDB: a Nordic pool and portal for genome-wide control data}, volume={18}, ISSN={1476-5438}, url={http://dx.doi.org/10.1038/ejhg.2010.112}, DOI={10.1038/ejhg.2010.112}, number={12}, journal={European Journal of Human Genetics}, publisher={Springer Nature}, author={Leu, Monica and Humphreys, Keith and Surakka, Ida and Rehnberg, Emil and Muilu, Juha and Rosenström, Päivi and Almgren, Peter and Jääskeläinen, Juha and Lifton, Richard P and Kyvik, Kirsten Ohm and et al.}, year={2010}, month={Jul}, pages={1322–1326}}
@article{Prins_2012, title={Scalable Computing for Evolutionary Genomics}, ISBN={http://id.crossref.org/isbn/978-1-61779-585-5}, ISSN={1940-6029}, url={http://dx.doi.org/10.1007/978-1-61779-585-5_22}, DOI={10.1007/978-1-61779-585-5_22}, journal={Evolutionary Genomics}, publisher={Springer Science + Business Media}, author={Prins, Pjotr and Belhachemi, Dominique and Möller, Steffen and Smant, Geert}, year={2012}, pages={529–545}}
@article{Purcell_2007, title={PLINK: A Tool Set for Whole-Genome Association and Population-Based Linkage Analyses}, volume={81}, ISSN={0002-9297}, url={http://dx.doi.org/10.1086/519795}, DOI={10.1086/519795}, number={3}, journal={The American Journal of Human Genetics}, publisher={Elsevier BV}, author={Purcell, Shaun and Neale, Benjamin and Todd-Brown, Kathe and Thomas, Lori and Ferreira, Manuel A.R. and Bender, David and Maller, Julian and Sklar, Pamela and de Bakker, Paul I.W. and Daly, Mark J. and et al.}, year={2007}, month={Sep}, pages={559–575}}
@article{Swertz_2004, title={Molecular Genetics Information System (MOLGENIS): alternatives in developing local experimental genomics databases}, volume={20}, ISSN={1460-2059}, url={http://dx.doi.org/10.1093/bioinformatics/bth206}, DOI={10.1093/bioinformatics/bth206}, number={13}, journal={Bioinformatics}, publisher={Oxford University Press (OUP)}, author={Swertz, M. A. and de Brock, E. O. and van Hijum, S. A. F. T. and de Jong, A. and Buist, G. and Baerends, R. J. S. and Kok, J. and Kuipers, O. P. and Jansen, R. C.}, year={2004}, month={Apr}, pages={2075–2083}}
@article{Swertz_2010a, title={The MOLGENIS toolkit: rapid prototyping of biosoftware at the push of a button}, volume={11}, ISSN={1471-2105}, url={http://dx.doi.org/10.1186/1471-2105-11-s12-s12}, DOI={10.1186/1471-2105-11-s12-s12}, number={Suppl 12}, journal={BMC Bioinformatics}, publisher={Springer Nature}, author={Swertz, Morris A and Dijkstra, Martijn and Adamusiak, Tomasz and van der Velde, Joeri K and Kanterakis, Alexandros and Roos, Erik T and Lops, Joris and Thorisson, Gudmundur A and Arends, Danny and Byelas, George and et al.}, year={2010}, pages={S12}}
@article{Swertz_2010b, title={XGAP: a uniform and extensible data model and software platform for genotype and phenotype experiments}, volume={11}, ISSN={1465-6906}, url={http://dx.doi.org/10.1186/gb-2010-11-3-r27}, DOI={10.1186/gb-2010-11-3-r27}, number={3}, journal={Genome Biology}, publisher={Springer Nature}, author={Swertz, Morris A and Velde, K Joeri and Tesson, Bruno M and Scheltema, Richard A and Arends, Danny and Vera, Gonzalo and Alberts, Rudi and Dijkstra, Martijn and Schofield, Paul and Schughart, Klaus and et al.}, year={2010}, pages={R27}}
@article{Swertz_2007, title={Beyond standardization: dynamic software infrastructures for systems biology}, volume={8}, ISSN={1471-0064}, url={http://dx.doi.org/10.1038/nrg2048}, DOI={10.1038/nrg2048}, number={3}, journal={Nature Reviews Genetics}, publisher={Springer Nature}, author={Swertz, Morris A. and Jansen, Ritsert C.}, year={2007}, month={Feb}, pages={235–243}}
@article{Trelles_2011, title={Big data, but are we ready?}, volume={12}, ISSN={1471-0064}, url={http://dx.doi.org/10.1038/nrg2857-c1}, DOI={10.1038/nrg2857-c1}, number={3}, journal={Nature Reviews Genetics}, publisher={Springer Nature}, author={Trelles, Oswaldo and Prins, Pjotr and Snir, Marc and Jansen, Ritsert C.}, year={2011}, month={Feb}, pages={224–224}}
@article{Wang_2003, title={WebQTL: Web-Based Complex Trait Analysis}, volume={1}, ISSN={1539-2791}, url={http://dx.doi.org/10.1385/ni:1:4:299}, DOI={10.1385/ni:1:4:299}, number={4}, journal={Neuroinformatics}, publisher={Springer Nature}, author={Wang, Jintao and W.Williams, Robert and Manly, Kenneth F.}, year={2003}, pages={299–308}}
@article{Yandell_2007, title={R/qtlbim: QTL with Bayesian Interval Mapping in experimental crosses}, volume={23}, ISSN={1460-2059}, url={http://dx.doi.org/10.1093/bioinformatics/btm011}, DOI={10.1093/bioinformatics/btm011}, number={5}, journal={Bioinformatics}, publisher={Oxford University Press (OUP)}, author={Yandell, B. S. and Mehta, T. and Banerjee, S. and Shriner, D. and Venkataraman, R. and Moon, J. Y. and Neely, W. W. and Wu, H. and von Smith, R. and Yi, N.}, year={2007}, month={Jan}, pages={641–643}}
@article{Yang_2008, title={QTLNetwork: mapping and visualizing genetic architecture of complex traits in experimental populations}, volume={24}, ISSN={1460-2059}, url={http://dx.doi.org/10.1093/bioinformatics/btm494}, DOI={10.1093/bioinformatics/btm494}, number={5}, journal={Bioinformatics}, publisher={Oxford University Press (OUP)}, author={Yang, J. and Hu, C. and Hu, H. and Yu, R. and Xia, Z. and Ye, X. and Zhu, J.}, year={2008}, month={Jan}, pages={721–723}}
@article{van_den_Akker_2011, title={The international dystrophic epidermolysis bullosa patient registry: An online database of dystrophic epidermolysis bullosa patients and their COL7A1 mutations}, volume={32}, ISSN={1059-7794}, url={http://dx.doi.org/10.1002/humu.21551}, DOI={10.1002/humu.21551}, number={10}, journal={Human Mutation}, publisher={Wiley-Blackwell}, author={van den Akker, Peter C. and Jonkman, Marcel F. and Rengaw, Trebor and Bruckner-Tuderman, Leena and Has, Cristina and Bauer, Johann W. and Klausegger, Alfred and Zambruno, Giovanna and Castiglia, Daniele and Mellerio, Jemima E. and et al.}, year={2011}, month={Sep}, pages={1100–1107}}
@article{The_C_nbsp_elegans_Sequencing_Consortium_1998, title={Genome Sequence of the Nematode C. elegans: A Platform for Investigating Biology}, volume={282}, url={http://dx.doi.org/10.1126/science.282.5396.2012}, DOI={10.1126/science.282.5396.2012}, number={5396}, journal={Science}, publisher={American Association for the Advancement of Science (AAAS)}, author={The C. elegans Sequencing Consortium}, year={1998}, month={Dec}, pages={2012–2018}}
@article{Gerstein_2010, title={Integrative Analysis of the Caenorhabditis elegans Genome by the modENCODE Project}, volume={330}, ISSN={1095-9203}, url={http://dx.doi.org/10.1126/science.1196914}, DOI={10.1126/science.1196914}, number={6012}, journal={Science}, publisher={American Association for the Advancement of Science (AAAS)}, author={Gerstein, M. B. and Lu, Z. J. and Van Nostrand, E. L. and Cheng, C. and Arshinoff, B. I. and Liu, T. and Yip, K. Y. and Robilotto, R. and Rechtsteiner, A. and Ikegami, K. and et al.}, year={2010}, month={Dec}, pages={1775–1787}}
@article{Gaertner_2010, title={Caenorhabditis elegans as a platform for molecular quantitative genetics and the systems biology of natural variation}, volume={92}, ISSN={1469-5073}, url={http://dx.doi.org/10.1017/s0016672310000601}, DOI={10.1017/s0016672310000601}, number={5-6}, journal={Genet. Res.}, publisher={Cambridge University Press (CUP)}, author={Gaertner, Bryn E. and Phillips, Patrick C.}, year={2010}, month={Dec}, pages={331–348}}
@article{Kammenga_2008, title={Beyond induced mutants: using worms to study natural variation in genetic pathways}, volume={24}, ISSN={0168-9525}, url={http://dx.doi.org/10.1016/j.tig.2008.01.001}, DOI={10.1016/j.tig.2008.01.001}, number={4}, journal={Trends in Genetics}, publisher={Elsevier BV}, author={Kammenga, Jan E. and Phillips, Patrick C. and De Bono, Mario and Doroszuk, Agnieszka}, year={2008}, month={Apr}, pages={178–185}}
@article{Palopoli_2008, title={Molecular basis of the copulatory plug polymorphism in Caenorhabditis elegans}, volume={454}, ISSN={1476-4687}, url={http://dx.doi.org/10.1038/nature07171}, DOI={10.1038/nature07171}, number={7207}, journal={Nature}, publisher={Springer Nature}, author={Palopoli, Michael F. and Rockman, Matthew V. and TinMaung, Aye and Ramsay, Camden and Curwen, Stephen and Aduna, Andrea and Laurita, Jason and Kruglyak, Leonid}, year={2008}, month={Jul}, pages={1019–1022}}
@article{Li_2010, title={Global Genetic Robustness of the Alternative Splicing Machinery in Caenorhabditis elegans}, volume={186}, ISSN={0016-6731}, url={http://dx.doi.org/10.1534/genetics.110.119677}, DOI={10.1534/genetics.110.119677}, number={1}, journal={Genetics}, publisher={Genetics Society of America}, author={Li, Y. and Breitling, R. and Snoek, L. B. and van der Velde, K. J. and Swertz, M. A. and Riksen, J. and Jansen, R. C. and Kammenga, J. E.}, year={2010}, month={Jul}, pages={405–410}}
@article{Vinuela_2010, title={Genome-wide gene expression regulation as a function of genotype and age in C. elegans}, volume={20}, ISSN={1088-9051}, url={http://dx.doi.org/10.1101/gr.102160.109}, DOI={10.1101/gr.102160.109}, number={7}, journal={Genome Research}, publisher={Cold Spring Harbor Laboratory Press}, author={Vinuela, A. and Snoek, L. B. and Riksen, J. A. G. and Kammenga, J. E.}, year={2010}, month={May}, pages={929–937}}
@article{Vinuela_2012, title={Aging Uncouples Heritability and Expression-QTL in Caenorhabditis elegans}, volume={2}, ISSN={2160-1836}, url={http://dx.doi.org/10.1534/g3.112.002212}, DOI={10.1534/g3.112.002212}, number={5}, journal={G3\&no.58; Genes|Genomes|Genetics}, publisher={Genetics Society of America}, author={Vinuela, A. and Snoek, L. B. and Riksen, J. A. G. and Kammenga, J. E.}, year={2012}, month={May}, pages={597–605}}
@article{Rockman_2010, title={Selection at Linked Sites Shapes Heritable Phenotypic Variation in C. elegans}, volume={330}, ISSN={1095-9203}, url={http://dx.doi.org/10.1126/science.1194208}, DOI={10.1126/science.1194208}, number={6002}, journal={Science}, publisher={American Association for the Advancement of Science (AAAS)}, author={Rockman, M. V. and Skrovanek, S. S. and Kruglyak, L.}, year={2010}, month={Oct}, pages={372–376}}
@article{Doroszuk_2009, title={A genome-wide library of CB4856/N2 introgression lines of Caenorhabditis elegans}, volume={37}, ISSN={1362-4962}, url={http://dx.doi.org/10.1093/nar/gkp528}, DOI={10.1093/nar/gkp528}, number={16}, journal={Nucleic Acids Research}, publisher={Oxford University Press (OUP)}, author={Doroszuk, A. and Snoek, L. B. and Fradin, E. and Riksen, J. and Kammenga, J.}, year={2009}, month={Jun}, pages={e110–e110}}
@article{Gutteling_2007, title={Environmental influence on the genetic correlations between life-history traits in Caenorhabditis elegans}, volume={98}, ISSN={1365-2540}, url={http://dx.doi.org/10.1038/sj.hdy.6800929}, DOI={10.1038/sj.hdy.6800929}, number={4}, journal={Heredity}, publisher={Nature Publishing Group}, author={Gutteling, E W and Doroszuk, A and Riksen, J A G and Prokop, Z and Reszka, J and Kammenga, J E}, year={2007}, month={Jan}, pages={206–213}}
@article{Gutteling_2006, title={Mapping phenotypic plasticity and genotype–environment interactions affecting life-history traits in Caenorhabditis elegans}, volume={98}, ISSN={1365-2540}, url={http://dx.doi.org/10.1038/sj.hdy.6800894}, DOI={10.1038/sj.hdy.6800894}, number={1}, journal={Heredity}, publisher={Springer Nature}, author={Gutteling, E W and Riksen, J A G and Bakker, J and Kammenga, J E}, year={2006}, month={Sep}, pages={28–37}}
@article{Kammenga_2007, title={A Caenorhabditis elegans Wild Type Defies the Temperature–Size Rule Owing to a Single Nucleotide Polymorphism in tra-3}, volume={3}, ISSN={1553-7404}, url={http://dx.doi.org/10.1371/journal.pgen.0030034}, DOI={10.1371/journal.pgen.0030034}, number={3}, journal={PLoS Genet}, publisher={Public Library of Science (PLoS)}, author={Kammenga, Jan E. and Doroszuk, Agnieszka and Riksen, Joost A. G. and Hazendonk, Esther and Spiridon, Laurentiu and Petrescu, Andrei-Jose and Tijsterman, Marcel and Plasterk, Ronald H. A. and Bakker, Jaap}, year={2007}, pages={e34}}
@article{Rodriguez_2012, title={Genetic variation for stress-response hormesis in C. elegans lifespan}, volume={47}, ISSN={0531-5565}, url={http://dx.doi.org/10.1016/j.exger.2012.05.005}, DOI={10.1016/j.exger.2012.05.005}, number={8}, journal={Experimental Gerontology}, publisher={Elsevier BV}, author={Rodriguez, Miriam and Snoek, L. Basten and Riksen, Joost A.G. and Bevers, Roel P. and Kammenga, Jan E.}, year={2012}, month={Aug}, pages={581–587}}
@article{Harvey_2008, title={Quantitative genetic analysis of life-history traits of Caenorhabditis elegans in stressful environments}, volume={8}, ISSN={1471-2148}, url={http://dx.doi.org/10.1186/1471-2148-8-15}, DOI={10.1186/1471-2148-8-15}, number={1}, journal={BMC Evolutionary Biology}, publisher={Springer Nature}, author={Harvey, Simon C and Shorto, Alison and Viney, Mark E}, year={2008}, pages={15}}
@article{McGrath_2009, title={Quantitative Mapping of a Digenic Behavioral Trait Implicates Globin Variation in C. elegans Sensory Behaviors}, volume={61}, ISSN={0896-6273}, url={http://dx.doi.org/10.1016/j.neuron.2009.02.012}, DOI={10.1016/j.neuron.2009.02.012}, number={5}, journal={Neuron}, publisher={Elsevier BV}, author={McGrath, Patrick T. and Rockman, Matthew V. and Zimmer, Manuel and Jang, Heeun and Macosko, Evan Z. and Kruglyak, Leonid and Bargmann, Cornelia I.}, year={2009}, month={Mar}, pages={692–699}}
@article{Reddy_2009, title={A Polymorphism in npr-1 Is a Behavioral Determinant of Pathogen Susceptibility in C. elegans}, volume={323}, ISSN={1095-9203}, url={http://dx.doi.org/10.1126/science.1166527}, DOI={10.1126/science.1166527}, number={5912}, journal={Science}, publisher={American Association for the Advancement of Science (AAAS)}, author={Reddy, K. C. and Andersen, E. C. and Kruglyak, L. and Kim, D. H.}, year={2009}, month={Jan}, pages={382–384}}
@article{Green_2013a, title={Genetic mapping of variation in dauer larvae development in growing populations of Caenorhabditis elegans}, volume={111}, ISSN={1365-2540}, url={http://dx.doi.org/10.1038/hdy.2013.50}, DOI={10.1038/hdy.2013.50}, number={4}, journal={Heredity}, publisher={Springer Nature}, author={Green, J W M and Snoek, L B and Kammenga, J E and Harvey, S C}, year={2013}, month={May}, pages={306–313}}
@article{Elvin_2011, title={A fitness assay for comparing RNAi effects across multiple C. elegans genotypes}, volume={12}, ISSN={1471-2164}, url={http://dx.doi.org/10.1186/1471-2164-12-510}, DOI={10.1186/1471-2164-12-510}, number={1}, journal={BMC Genomics}, publisher={Springer Nature}, author={Elvin, Mark and Snoek, Laurens B and Frejno, Martin and Klemstein, Ulrike and Kammenga, Jan E and Poulin, Gino B}, year={2011}, month={Oct}}
@article{Lee_2008, title={A single gene network accurately predicts phenotypic effects of gene perturbation in Caenorhabditis elegans}, volume={40}, ISSN={1061-4036}, url={http://dx.doi.org/10.1038/ng.2007.70}, DOI={10.1038/ng.2007.70}, number={2}, journal={Nature Genetics}, publisher={Springer Nature}, author={Lee, Insuk and Lehner, Ben and Crombie, Catriona and Wong, Wendy and Fraser, Andrew G and Marcotte, Edward M}, year={2008}, month={Jan}, pages={181–188}}
@article{Ostlund_2009, title={InParanoid 7: new algorithms and tools for eukaryotic orthology analysis}, volume={38}, ISSN={1362-4962}, url={http://dx.doi.org/10.1093/nar/gkp931}, DOI={10.1093/nar/gkp931}, number={Database}, journal={Nucleic Acids Research}, publisher={Oxford University Press (OUP)}, author={Ostlund, G. and Schmitt, T. and Forslund, K. and Kostler, T. and Messina, D. N. and Roopra, S. and Frings, O. and Sonnhammer, E. L. L.}, year={2009}, month={Nov}, pages={D196–D203}}
@article{McGary_2010, title={Systematic discovery of nonobvious human disease models through orthologous phenotypes}, volume={107}, ISSN={1091-6490}, url={http://dx.doi.org/10.1073/pnas.0910200107}, DOI={10.1073/pnas.0910200107}, number={14}, journal={Proceedings of the National Academy of Sciences}, publisher={Proceedings of the National Academy of Sciences}, author={McGary, K. L. and Park, T. J. and Woods, J. O. and Cha, H. J. and Wallingford, J. B. and Marcotte, E. M.}, year={2010}, month={Mar}, pages={6544–6549}}
@article{Rodriguez_2013, title={Worms under stress: C. elegans stress response and its relevance to complex human disease and aging}, volume={29}, ISSN={0168-9525}, url={http://dx.doi.org/10.1016/j.tig.2013.01.010}, DOI={10.1016/j.tig.2013.01.010}, number={6}, journal={Trends in Genetics}, publisher={Elsevier BV}, author={Rodriguez, Miriam and Snoek, L. Basten and De Bono, Mario and Kammenga, Jan E.}, year={2013}, month={Jun}, pages={367–374}}
@article{Shaye_2011, title={OrthoList: A Compendium of C. elegans Genes with Human Orthologs}, volume={6}, ISSN={1932-6203}, url={http://dx.doi.org/10.1371/journal.pone.0020085}, DOI={10.1371/journal.pone.0020085}, number={5}, journal={PLoS ONE}, publisher={Public Library of Science (PLoS)}, author={Shaye, Daniel D. and Greenwald, Iva}, editor={Iijima, Koichi M.Editor}, year={2011}, month={May}, pages={e20085}}
@article{Volkers_2013, title={Gene-environment and protein-degradation signatures characterize genomic and phenotypic diversity in wild Caenorhabditis elegans populations}, volume={11}, ISSN={1741-7007}, url={http://dx.doi.org/10.1186/1741-7007-11-93}, DOI={10.1186/1741-7007-11-93}, number={1}, journal={BMC Biol}, publisher={Springer Nature}, author={Volkers, Rita JM and Snoek, L and Hubar, Caspara J van Hellenberg and Coopman, Renata and Chen, Wei and Yang, Wentao and Sterken, Mark G and Schulenburg, Hinrich and Braeckman, Bart P and Kammenga, Jan E}, year={2013}, pages={93}}
@article{Yook_2011, title={WormBase 2012: more genomes, more data, new website}, volume={40}, ISSN={1362-4962}, url={http://dx.doi.org/10.1093/nar/gkr954}, DOI={10.1093/nar/gkr954}, number={D1}, journal={Nucleic Acids Research}, publisher={Oxford University Press (OUP)}, author={Yook, K. and Harris, T. W. and Bieri, T. and Cabunoc, A. and Chan, J. and Chen, W. J. and Davis, P. and de la Cruz, N. and Duong, A. and Fang, R. and et al.}, year={2011}, month={Nov}, pages={D735–D741}}
@article{Peng_2012, title={The disease and gene annotations (DGA): an annotation resource for human disease}, volume={41}, ISSN={1362-4962}, url={http://dx.doi.org/10.1093/nar/gks1244}, DOI={10.1093/nar/gks1244}, number={D1}, journal={Nucleic Acids Research}, publisher={Oxford University Press (OUP)}, author={Peng, K. and Xu, W. and Zheng, J. and Huang, K. and Wang, H. and Tong, J. and Lin, Z. and Liu, J. and Cheng, W. and Fu, D. and et al.}, year={2012}, month={Nov}, pages={D553–D560}}
@article{Hindorff_2009, title={Potential etiologic and functional implications of genome-wide association loci for human diseases and traits}, volume={106}, ISSN={1091-6490}, url={http://dx.doi.org/10.1073/pnas.0903103106}, DOI={10.1073/pnas.0903103106}, number={23}, journal={Proceedings of the National Academy of Sciences}, publisher={Proceedings of the National Academy of Sciences}, author={Hindorff, L. A. and Sethupathy, P. and Junkins, H. A. and Ramos, E. M. and Mehta, J. P. and Collins, F. S. and Manolio, T. A.}, year={2009}, month={May}, pages={9362–9367}}
@article{Thorisson_2009, title={HGVbaseG2P: a central genetic association database}, volume={37}, ISSN={1362-4962}, url={http://dx.doi.org/10.1093/nar/gkn748}, DOI={10.1093/nar/gkn748}, number={Database}, journal={Nucleic Acids Research}, publisher={Oxford University Press (OUP)}, author={Thorisson, G. A. and Lancaster, O. and Free, R. C. and Hastings, R. K. and Sarmah, P. and Dash, D. and Brahmachari, S. K. and Brookes, A. J.}, year={2009}, month={Jan}, pages={D797–D802}}
@article{Brookes_2000, title={HGBASE: a database of SNPs and other variations in and around human genes}, volume={28}, ISSN={1362-4962}, url={http://dx.doi.org/10.1093/nar/28.1.356}, DOI={10.1093/nar/28.1.356}, number={1}, journal={Nucleic Acids Research}, publisher={Oxford University Press (OUP)}, author={Brookes, A. J.}, year={2000}, month={Jan}, pages={356–360}}
@article{Fredman_2002, title={HGVbase: a human sequence variation database emphasizing data quality and a broad spectrum of data sources}, volume={30}, ISSN={1362-4962}, url={http://dx.doi.org/10.1093/nar/30.1.387}, DOI={10.1093/nar/30.1.387}, number={1}, journal={Nucleic Acids Research}, publisher={Oxford University Press (OUP)}, author={Fredman, D.}, year={2002}, month={Jan}, pages={387–391}}
@article{Keurentjes_2007, title={Regulatory network construction in Arabidopsis by using genome-wide gene expression quantitative trait loci}, volume={104}, ISSN={1091-6490}, url={http://dx.doi.org/10.1073/pnas.0610429104}, DOI={10.1073/pnas.0610429104}, number={5}, journal={Proceedings of the National Academy of Sciences}, publisher={Proceedings of the National Academy of Sciences}, author={Keurentjes, J. J. B. and Fu, J. and Terpstra, I. R. and Garcia, J. M. and van den Ackerveken, G. and Snoek, L. B. and Peeters, A. J. M. and Vreugdenhil, D. and Koornneef, M. and Jansen, R. C.}, year={2007}, month={Jan}, pages={1708–1713}}
@article{Terpstra_2010, title={Regulatory Network Identification by Genetical Genomics: Signaling Downstream of the Arabidopsis Receptor-Like Kinase ERECTA}, volume={154}, ISSN={1532-2548}, url={http://dx.doi.org/10.1104/pp.110.159996}, DOI={10.1104/pp.110.159996}, number={3}, journal={PLANT PHYSIOLOGY}, publisher={American Society of Plant Biologists (ASPB)}, author={Terpstra, I. R. and Snoek, L. B. and Keurentjes, J. J. B. and Peeters, A. J. M. and Van den Ackerveken, G.}, year={2010}, month={Sep}, pages={1067–1078}}
@article{Snoek_2013, title={Genetical Genomics Reveals Large Scale Genotype-By-Environment Interactions in Arabidopsis thaliana}, volume={3}, ISSN={1664-8021}, url={http://dx.doi.org/10.3389/fgene.2012.00317}, DOI={10.3389/fgene.2012.00317}, journal={Frontiers in Genetics}, publisher={Frontiers Media SA}, author={Snoek, L. Basten and Terpstra, Inez R. and Dekter, René and Van den Ackerveken, Guido and Peeters, Anton J. M.}, year={2013}}
@article{Rivals_2006, title={Enrichment or depletion of a GO category within a class of genes: which test?}, volume={23}, ISSN={1460-2059}, url={http://dx.doi.org/10.1093/bioinformatics/btl633}, DOI={10.1093/bioinformatics/btl633}, number={4}, journal={Bioinformatics}, publisher={Oxford University Press (OUP)}, author={Rivals, I. and Personnaz, L. and Taing, L. and Potier, M.-C.}, year={2006}, month={Dec}, pages={401–407}}
@article{Arends_2012, title={xQTL workbench: a scalable web environment for multi-level QTL analysis}, volume={28}, ISSN={1460-2059}, url={http://dx.doi.org/10.1093/bioinformatics/bts049}, DOI={10.1093/bioinformatics/bts049}, number={7}, journal={Bioinformatics}, publisher={Oxford University Press (OUP)}, author={Arends, D. and van der Velde, K. J. and Prins, P. and Broman, K. W. and Moller, S. and Jansen, R. C. and Swertz, M. A.}, year={2012}, month={Feb}, pages={1042–1044}}
@article{Li_2006, title={Mapping Determinants of Gene Expression Plasticity by Genetical Genomics in C. elegans}, volume={2}, ISSN={1553-7404}, url={http://dx.doi.org/10.1371/journal.pgen.0020222}, DOI={10.1371/journal.pgen.0020222}, number={12}, journal={PLoS Genetics}, publisher={Public Library of Science (PLoS)}, author={Li, Yang and Álvarez, Olga Alda and Gutteling, Evert W. and Tijsterman, Marcel and Fu, Jingyuan and Riksen, Joost A. G. and Hazendonk, Esther and Prins, Pjotr and Plasterk, Ronald H. A. and Jansen, Ritsert C. and et al.}, year={2006}, pages={e222}}
@article{Padmanabhan_2009, title={A PP2A Regulatory Subunit Regulates C. elegans Insulin/IGF-1 Signaling by Modulating AKT-1 Phosphorylation}, volume={136}, ISSN={0092-8674}, url={http://dx.doi.org/10.1016/j.cell.2009.01.025}, DOI={10.1016/j.cell.2009.01.025}, number={5}, journal={Cell}, publisher={Elsevier BV}, author={Padmanabhan, Srivatsan and Mukhopadhyay, Arnab and Narasimhan, Sri Devi and Tesz, Gregory and Czech, Michael P. and Tissenbaum, Heidi A.}, year={2009}, month={Mar}, pages={939–951}}
@article{Willcox_2008, title={FOXO3A genotype is strongly associated with human longevity}, volume={105}, ISSN={1091-6490}, url={http://dx.doi.org/10.1073/pnas.0801030105}, DOI={10.1073/pnas.0801030105}, number={37}, journal={Proceedings of the National Academy of Sciences}, publisher={Proceedings of the National Academy of Sciences}, author={Willcox, B. J. and Donlon, T. A. and He, Q. and Chen, R. and Grove, J. S. and Yano, K. and Masaki, K. H. and Willcox, D. C. and Rodriguez, B. and Curb, J. D.}, year={2008}, month={Sep}, pages={13987–13992}}
@article{Badano_2003, title={Identification of a Novel Bardet-Biedl Syndrome Protein, BBS7, That Shares Structural Features with BBS1 and BBS2}, volume={72}, ISSN={0002-9297}, url={http://dx.doi.org/10.1086/368204}, DOI={10.1086/368204}, number={3}, journal={The American Journal of Human Genetics}, publisher={Elsevier BV}, author={Badano, José L. and Ansley, Stephen J. and Leitch, Carmen C. and Lewis, Richard Alan and Lupski, James R. and Katsanis, Nicholas}, year={2003}, month={Mar}, pages={650–658}}
@article{Smedley_2013, title={PhenoDigm: analyzing curated annotations to associate animal models with human diseases}, volume={2013}, ISSN={1758-0463}, url={http://dx.doi.org/10.1093/database/bat025}, DOI={10.1093/database/bat025}, number={0}, journal={Database}, publisher={Oxford University Press (OUP)}, author={Smedley, D. and Oellrich, A. and Kohler, S. and Ruef, B. and Westerfield, M. and Robinson, P. and Lewis, S. and Mungall, C.}, year={2013}, month={May}, pages={bat025–bat025}}
@article{Hamosh_2000, title={Online Mendelian Inheritance In Man (OMIM)}, volume={15}, ISSN={1098-1004}, url={http://dx.doi.org/10.1002/(sici)1098-1004(200001)15:1<57::aid-humu12>3.0.co;2-g}, DOI={10.1002/(sici)1098-1004(200001)15:1<57::aid-humu12>3.0.co;2-g}, number={1}, journal={Human Mutation}, publisher={Wiley-Blackwell}, author={Hamosh, Ada and Scott, Alan F. and Amberger, Joanna and Valle, David and McKusick, Victor A.}, year={2000}, month={Jan}, pages={57–61}}
@article{Snoek_2012, title={WormQTL--public archive and analysis web portal for natural variation data in Caenorhabditis spp}, volume={41}, ISSN={1362-4962}, url={http://dx.doi.org/10.1093/nar/gks1124}, DOI={10.1093/nar/gks1124}, number={D1}, journal={Nucleic Acids Research}, publisher={Oxford University Press (OUP)}, author={Snoek, L. B. and Van der Velde, K. J. and Arends, D. and Li, Y. and Beyer, A. and Elvin, M. and Fisher, J. and Hajnal, A. and Hengartner, M. O. and Poulin, G. B. and et al.}, year={2012}, month={Nov}, pages={D738–D743}}
@article{Kircher_2014, title={A general framework for estimating the relative pathogenicity of human genetic variants}, volume={46}, ISSN={1546-1718}, DOI={10.1038/ng.2892}, number={3}, journal={Nature Genetics}, publisher={Nature Publishing Group}, author={Kircher, Martin and Witten, Daniela M and Jain, Preti and O’Roak, Brian J and Cooper, Gregory M and Shendure, Jay}, year={2014}, month={Feb}, pages={310–315}}
@article{Thompson_2013a, title={Application of a 5-tiered scheme for standardized classification of 2,360 unique mismatch repair gene variants in the InSiGHT locus-specific database}, volume={46}, ISSN={1546-1718}, DOI={10.1038/ng.2854}, number={2}, journal={Nature Genetics}, publisher={Nature Publishing Group}, author={Thompson, Bryony A and Spurdle, Amanda B and Plazzer, John-Paul and Greenblatt, Marc S and Akagi, Kiwamu and Al-Mulla, Fahd and Bapat, Bharati and Bernstein, Inge and Capellá, Gabriel and den Dunnen, Johan T and et al.}, year={2013}, month={Dec}, pages={107–115}}
@article{McLaren_2010, title={Deriving the consequences of genomic variants with the Ensembl API and SNP Effect Predictor}, volume={26}, ISSN={1460-2059}, DOI={10.1093/bioinformatics/btq330}, number={16}, journal={Bioinformatics}, publisher={Oxford University Press (OUP)}, author={McLaren, W. and Pritchard, B. and Rios, D. and Chen, Y. and Flicek, P. and Cunningham, F.}, year={2010}, month={Aug}, pages={2069–2070}}
@article{Kumar_2009, title={Predicting the effects of coding non-synonymous variants on protein function using the SIFT algorithm}, volume={4}, ISSN={1750-2799}, DOI={10.1038/nprot.2009.86}, number={8}, journal={Nat Protoc}, publisher={Nature Publishing Group}, author={Kumar, Prateek and Henikoff, Steven and Ng, Pauline C}, year={2009}, month={Jun}, pages={1073–1081}}
@article{Adzhubei_2010, title={A method and server for predicting damaging missense mutations}, volume={7}, ISSN={1548-7105}, DOI={10.1038/nmeth0410-248}, number={4}, journal={Nature Methods}, publisher={Nature Publishing Group}, author={Adzhubei, Ivan A and Schmidt, Steffen and Peshkin, Leonid and Ramensky, Vasily E and Gerasimova, Anna and Bork, Peer and Kondrashov, Alexey S and Sunyaev, Shamil R}, year={2010}, month={Apr}, pages={248–249}}
@article{Dunham_2012, title={An integrated encyclopedia of DNA elements in the human genome}, volume={489}, ISSN={1476-4687}, DOI={10.1038/nature11247}, number={7414}, journal={Nature}, publisher={Nature Publishing Group}, author={Dunham, Ian and Kundaje, Anshul and Aldred, Shelley F. and Collins, Patrick J. and Davis, Carrie A. and Doyle, Francis and Epstein, Charles B. and Frietze, Seth and Harrow, Jennifer and Kaul, Rajinder and et al.}, year={2012}, month={Sep}, pages={57–74}}
@article{Yang_2013, title={Clinical Whole-Exome Sequencing for the Diagnosis of Mendelian Disorders}, volume={369}, ISSN={1533-4406}, DOI={10.1056/nejmoa1306555}, number={16}, journal={N Engl J Med}, publisher={New England Journal of Medicine (NEJM/MMS)}, author={Yang, Yaping and Muzny, Donna M. and Reid, Jeffrey G. and Bainbridge, Matthew N. and Willis, Alecia and Ward, Patricia A. and Braxton, Alicia and Beuten, Joke and Xia, Fan and Niu, Zhiyv and et al.}, year={2013}, month={Oct}, pages={1502–1511}}
@article{Saunders_2012, title={Rapid Whole-Genome Sequencing for Genetic Disease Diagnosis in Neonatal Intensive Care Units}, volume={4}, ISSN={1946-6242}, DOI={10.1126/scitranslmed.3004041}, number={154}, journal={Science Translational Medicine}, publisher={American Association for the Advancement of Science (AAAS)}, author={Saunders, C. J. and Miller, N. A. and Soden, S. E. and Dinwiddie, D. L. and Noll, A. and Alnadi, N. A. and Andraws, N. and Patterson, M. L. and Krivohlavek, L. A. and Fellis, J. and et al.}, year={2012}, month={Oct}, pages={154ra135–154ra135}}
@article{Thompson_2013b, title={Calibration of Multiple In Silico Tools for Predicting Pathogenicity of Mismatch Repair Gene Missense Substitutions}, volume={34}, ISSN={1059-7794}, DOI={10.1002/humu.22214}, number={1}, journal={Human Mutation}, publisher={Wiley-Blackwell}, author={Thompson, Bryony A. and Greenblatt, Marc S. and Vallee, Maxime P. and Herkert, Johanna C. and Tessereau, Chloe and Young, Erin L. and Adzhubey, Ivan A. and Li, Biao and Bell, Russell and Feng, Bingjian and et al.}, year={2013}, month={Jan}, pages={255–265}}
@article{Cooper_2011, title={Needles in stacks of needles: finding disease-causal variants in a wealth of genomic data}, volume={12}, ISSN={1471-0064}, DOI={10.1038/nrg3046}, number={9}, journal={Nature Reviews Genetics}, publisher={Nature Publishing Group}, author={Cooper, Gregory M. and Shendure, Jay}, year={2011}, month={Aug}, pages={628–640}}
@article{Kampstra_2008, author = "Peter Kampstra", title = "Beanplot: A Boxplot Alternative for Visual Comparison of Distributions", journal = "Journal of Statistical Software", volume = "28", number = "1", pages = "1--9", day =  "10", month = "11", year = "2008", CODEN = "JSSOBK", ISSN = "1548-7660", bibdate = "2008-10-28", accepted = "2008-10-28", submitted = "2008-09-19",}
@inproceedings{Plummer_2003, author = {Plummer, Martyn}, booktitle = {Proceedings of the 3rd International Workshop on Distributed Statistical Computing}, title = {{JAGS}: A program for analysis of {Bayesian} graphical models using {Gibbs} sampling}, year = {2003}}
@book{Agresti_2002, title={Categorical data analysis}, author={Agresti, Alan}, volume={359}, year={2002}, publisher={John Wiley \& Sons}}
@article{Mccullagh_1980, title={Regression models for ordinal data}, author={McCullagh, Peter}, journal={Journal of the Royal Statistical Society, Series B}, volume={42}, number={2}, pages={109--142}, year={1980}}
@article{Plummer_2006, title = {CODA: Convergence Diagnosis and Output Analysis for MCMC}, author = {Martyn Plummer and Nicky Best and Kate Cowles and Karen Vines}, journal = {R News}, year = {2006}, volume = {6}, number = {1}, pages = {7--11}}
@article{Gelman_1992, title={Inference from iterative simulation using multiple sequences}, author={Gelman, Andrew and Rubin, Donald B}, journal={Statistical science}, pages={457--472}, year={1992}, publisher={JSTOR}}
@article{Boomsma_2014, title={The Genome of the Netherlands: design, and project goals}, volume={22}, ISSN={1476-5438}, DOI={10.1038/ejhg.2013.118}, number={2}, journal={European Journal of Human Genetics}, publisher={Nature Publishing Group}, author={The Genome of the Netherlands Consortium}, year={2014}, month={Feb}, pages={221–227}} 
@article{Francioli_2014, title={Whole-genome sequence variation, population structure and demographic history of the Dutch population}, ISSN={1546-1718}, DOI={10.1038/ng.3021}, journal={Nature Genetics}, publisher={Nature Publishing Group}, author={The Genome of the Netherlands Consortium}, year={2014}, month={Jun}}
@article{McVean_2012, title={An integrated map of genetic variation from 1,092 human genomes}, volume={491}, ISSN={1476-4687}, DOI={10.1038/nature11632}, number={7422}, journal={Nature}, publisher={Nature Publishing Group}, author={The 1000 Genomes Project Consortium}, year={2012}, month={Oct}, pages={56–65}}
@article{Plon_2008, title={Sequence variant classification and reporting: recommendations for improving the interpretation of cancer susceptibility genetic test results}, volume={29}, ISSN={1098-1004}, DOI={10.1002/humu.20880}, number={11}, journal={Human Mutation}, publisher={Wiley-Blackwell}, author={Plon, Sharon E. and Eccles, Diana M. and Easton, Douglas and Foulkes, William D. and Genuardi, Maurizio and Greenblatt, Marc S. and Hogervorst, Frans B.L. and Hoogerbrugge, Nicoline and Spurdle, Amanda B. and Tavtigian, Sean V.}, year={2008}, month={Nov}, pages={1282–1291}}
@article{Lohmann_2014, title={Next Generation Sequencing and the Future of Genetic Diagnosis}, ISSN={1878-7479}, DOI={10.1007/s13311-014-0288-8}, journal={Neurotherapeutics}, publisher={Springer Science + Business Media}, author={Lohmann, Katja and Klein, Christine}, year={2014}, month={Jul}} 
@article{Lipkin_2004, title={The MLH1 D132H variant is associated with susceptibility to sporadic colorectal cancer}, volume={36}, ISSN={1061-4036}, DOI={10.1038/ng1374}, number={7}, journal={Nature Genetics}, publisher={Nature Publishing Group}, author={Lipkin, Steven M and Rozek, Laura S and Rennert, Gad and Yang, Wei and Chen, Peng-Chieh and Hacia, Joseph and Hunt, Nathan and Shin, Brian and Fodor, Steve and Kokoris, Mark and et al.}, year={2004}, month={Jun}, pages={694–699}} 
@article{Landrum_2013, title={ClinVar: public archive of relationships among sequence variation and human phenotype}, volume={42}, ISSN={1362-4962}, DOI={10.1093/nar/gkt1113}, number={D1}, journal={Nucleic Acids Research}, publisher={Oxford University Press (OUP)}, author={Landrum, M. J. and Lee, J. M. and Riley, G. R. and Jang, W. and Rubinstein, W. S. and Church, D. M. and Maglott, D. R.}, year={2013}, month={Nov}, pages={D980–D985}} 
@article{Welter_2013, title={The NHGRI GWAS Catalog, a curated resource of SNP-trait associations}, volume={42}, ISSN={1362-4962}, DOI={10.1093/nar/gkt1229}, number={D1}, journal={Nucleic Acids Research}, publisher={Oxford University Press (OUP)}, author={Welter, D. and MacArthur, J. and Morales, J. and Burdett, T. and Hall, P. and Junkins, H. and Klemm, A. and Flicek, P. and Manolio, T. and Hindorff, L. and et al.}, year={2013}, month={Dec}, pages={D1001–D1006}} 
@article{den_Dunnen_2003, title={Standardizing mutation nomenclature: Why bother?}, volume={22}, ISSN={1098-1004}, DOI={10.1002/humu.10262}, number={3}, journal={Human Mutation}, publisher={Wiley-Blackwell}, author={den Dunnen, Johan T. and Paalman, Mark H.}, year={2003}, month={Aug}, pages={181–182}}
@article{Danecek_2011, title={The variant call format and VCFtools}, volume={27}, ISSN={1460-2059}, url={http://dx.doi.org/10.1093/bioinformatics/btr330}, DOI={10.1093/bioinformatics/btr330}, number={15}, journal={Bioinformatics}, publisher={Oxford University Press (OUP)}, author={Danecek, P. and Auton, A. and Abecasis, G. and Albers, C. A. and Banks, E. and DePristo, M. A. and Handsaker, R. E. and Lunter, G. and Marth, G. T. and Sherry, S. T. and et al.}, year={2011}, month={Jun}, pages={2156–2158}}
@article{Berg_2011, title={Deploying whole genome sequencing in clinical practice and public health: Meeting the challenge one bin at a time}, volume={13}, ISSN={1530-0366}, url={http://dx.doi.org/10.1097/gim.0b013e318220aaba}, DOI={10.1097/gim.0b013e318220aaba}, number={6}, journal={Genetics in Medicine}, publisher={Springer Nature}, author={Berg, Jonathan S and Khoury, Muin J and Evans, James P}, year={2011}, month={May}, pages={499–504}}
@article{van_der_Velde_2015, title={Evaluation of CADD Scores in Curated Mismatch Repair Gene Variants Yields a Model for Clinical Validation and Prioritization}, volume={36}, ISSN={1059-7794}, url={http://dx.doi.org/10.1002/humu.22798}, DOI={10.1002/humu.22798}, number={7}, journal={Human Mutation}, publisher={Wiley-Blackwell}, author={van der Velde, K. Joeri and Kuiper, Joël and Thompson, Bryony A. and Plazzer, John-Paul and van Valkenhoef, Gert and de Haan, Mark and Jongbloed, Jan D.H. and Wijmenga, Cisca and de Koning, Tom J. and Abbott, Kristin M. and et al.}, year={2015}, month={May}, pages={712–719}}
@article{Itan_2016, title={The mutation significance cutoff: gene-level thresholds for variant predictions}, volume={13}, ISSN={1548-7105}, url={http://dx.doi.org/10.1038/nmeth.3739}, DOI={10.1038/nmeth.3739}, number={2}, journal={Nat Meth}, publisher={Nature Publishing Group}, author={Itan, Yuval and Shang, Lei and Boisson, Bertrand and Ciancanelli, Michael J and Markle, Janet G and Martinez-Barricarte, Ruben and Scott, Eric and Shah, Ishaan and Stenson, Peter D and Gleeson, Joseph and et al.}, year={2016}, month={Jan}, pages={109–110}}
@article{Richards_2015, title={Standards and guidelines for the interpretation of sequence variants: a joint consensus recommendation of the American College of Medical Genetics and Genomics and the Association for Molecular Pathology}, volume={17}, ISSN={1530-0366}, url={http://dx.doi.org/10.1038/gim.2015.30}, DOI={10.1038/gim.2015.30}, number={5}, journal={Genetics in Medicine}, publisher={Springer Nature}, author={Richards, Sue and Aziz, Nazneen and Bale, Sherri and Bick, David and Das, Soma and Gastier-Foster, Julie and Grody, Wayne W. and Hegde, Madhuri and Lyon, Elaine and Spector, Elaine and et al.}, year={2015}, month={Mar}, pages={405–423}}
@article{Lek_2016, title={Analysis of protein-coding genetic variation in 60,706 humans}, volume={536}, ISSN={1476-4687}, url={http://dx.doi.org/10.1038/nature19057}, DOI={10.1038/nature19057}, number={7616}, journal={Nature}, publisher={Springer Nature}, author={Lek, Monkol and Karczewski, Konrad J. and Minikel, Eric V. and Samocha, Kaitlin E. and Banks, Eric and Fennell, Timothy and O’Donnell-Luria, Anne H. and Ware, James S. and Hill, Andrew J. and Cummings, Beryl B. and et al.}, year={2016}, month={Aug}, pages={285–291}}
@article{Cingolani_2012, title={A program for annotating and predicting the effects of single nucleotide polymorphisms, SnpEff}, volume={6}, ISSN={1933-6942}, url={http://dx.doi.org/10.4161/fly.19695}, DOI={10.4161/fly.19695}, number={2}, journal={Fly}, publisher={Informa UK Limited}, author={Cingolani, Pablo and Platts, Adrian and Wang, Le Lily and Coon, Melissa and Nguyen, Tung and Wang, Luan and Land, Susan J. and Lu, Xiangyi and Ruden, Douglas M.}, year={2012}, month={Apr}, pages={80–92}}
@article{Landrum_2015, title={ClinVar: public archive of interpretations of clinically relevant variants}, volume={44}, ISSN={1362-4962}, url={http://dx.doi.org/10.1093/nar/gkv1222}, DOI={10.1093/nar/gkv1222}, number={D1}, journal={Nucleic Acids Research}, publisher={Oxford University Press (OUP)}, author={Landrum, Melissa J. and Lee, Jennifer M. and Benson, Mark and Brown, Garth and Chao, Chen and Chitipiralla, Shanmuga and Gu, Baoshan and Hart, Jennifer and Hoffman, Douglas and Hoover, Jeffrey and et al.}, year={2015}, month={Nov}, pages={D862–D868}}
@article{Nair_2012, title={VariBench: A Benchmark Database for Variations}, volume={34}, ISSN={1059-7794}, url={http://dx.doi.org/10.1002/humu.22204}, DOI={10.1002/humu.22204}, number={1}, journal={Human Mutation}, publisher={Wiley-Blackwell}, author={Nair, Preethy Sasidharan and Vihinen, Mauno}, year={2012}, month={Oct}, pages={42–49}}
@article{Schwarz_2014, title={MutationTaster2: mutation prediction for the deep-sequencing age}, volume={11}, ISSN={1548-7105}, url={http://dx.doi.org/10.1038/nmeth.2890}, DOI={10.1038/nmeth.2890}, number={4}, journal={Nature Methods}, publisher={Springer Nature}, author={Schwarz, Jana Marie and Cooper, David N and Schuelke, Markus and Seelow, Dominik}, year={2014}, month={Mar}, pages={361–362}}
@article{Solomon_2013, title={Clinical Genomic Database}, volume={110}, ISSN={1091-6490}, url={http://dx.doi.org/10.1073/pnas.1302575110}, DOI={10.1073/pnas.1302575110}, number={24}, journal={Proceedings of the National Academy of Sciences}, publisher={Proceedings of the National Academy of Sciences}, author={Solomon, B. D. and Nguyen, A.-D. and Bear, K. A. and Wolfsberg, T. G.}, year={2013}, month={May}, pages={9851–9855}}
@article{Choi_2012, title={Predicting the Functional Effect of Amino Acid Substitutions and Indels}, volume={7}, ISSN={1932-6203}, url={http://dx.doi.org/10.1371/journal.pone.0046688}, DOI={10.1371/journal.pone.0046688}, number={10}, journal={PLoS ONE}, publisher={Public Library of Science (PLoS)}, author={Choi, Yongwook and Sims, Gregory E. and Murphy, Sean and Miller, Jason R. and Chan, Agnes P.}, editor={de Brevern, Alexandre G.Editor}, year={2012}, month={Oct}, pages={e46688}}
@article{Gonz_lez_P_rez_2011, title={Improving the Assessment of the Outcome of Nonsynonymous SNVs with a Consensus Deleteriousness Score, Condel}, volume={88}, ISSN={0002-9297}, url={http://dx.doi.org/10.1016/j.ajhg.2011.03.004}, DOI={10.1016/j.ajhg.2011.03.004}, number={4}, journal={The American Journal of Human Genetics}, publisher={Elsevier BV}, author={González-Pérez, Abel and López-Bigas, Nuria}, year={2011}, month={Apr}, pages={440–449}}
@article{Niroula_2015, title={PON-P2: Prediction Method for Fast and Reliable Identification of Harmful Variants}, volume={10}, ISSN={1932-6203}, url={http://dx.doi.org/10.1371/journal.pone.0117380}, DOI={10.1371/journal.pone.0117380}, number={2}, journal={PLoS ONE}, publisher={Public Library of Science (PLoS)}, author={Niroula, Abhishek and Urolagin, Siddhaling and Vihinen, Mauno}, editor={Tosatto, Silvio C EEditor}, year={2015}, month={Feb}, pages={e0117380}}
@article{Bendl_2016, title={PredictSNP2: A Unified Platform for Accurately Evaluating SNP Effects by Exploiting the Different Characteristics of Variants in Distinct Genomic Regions}, volume={12}, ISSN={1553-7358}, url={http://dx.doi.org/10.1371/journal.pcbi.1004962}, DOI={10.1371/journal.pcbi.1004962}, number={5}, journal={PLoS Comput Biol}, publisher={Public Library of Science (PLoS)}, author={Bendl, Jaroslav and Musil, Miloš and Štourač, Jan and Zendulka, Jaroslav and Damborský, Jiří and Brezovský, Jan}, editor={Gardner, Paul PEditor}, year={2016}, month={May}, pages={e1004962}}
@article{Shihab_2015, title={An integrative approach to predicting the functional effects of non-coding and coding sequence variation}, volume={31}, ISSN={1460-2059}, url={http://dx.doi.org/10.1093/bioinformatics/btv009}, DOI={10.1093/bioinformatics/btv009}, number={10}, journal={Bioinformatics}, publisher={Oxford University Press (OUP)}, author={Shihab, H. A. and Rogers, M. F. and Gough, J. and Mort, M. and Cooper, D. N. and Day, I. N. M. and Gaunt, T. R. and Campbell, C.}, year={2015}, month={Jan}, pages={1536–1543}}
@article{Ritchie_2014, title={Functional annotation of noncoding sequence variants}, volume={11}, ISSN={1548-7105}, url={http://dx.doi.org/10.1038/nmeth.2832}, DOI={10.1038/nmeth.2832}, number={3}, journal={Nat Meth}, publisher={Nature Publishing Group}, author={Ritchie, Graham R S and Dunham, Ian and Zeggini, Eleftheria and Flicek, Paul}, year={2014}, month={Feb}, pages={294–296}}
@article{Fu_2014, title={FunSeq2: a framework for prioritizing noncoding regulatory variants in cancer}, volume={15}, ISSN={1474-760X}, url={http://dx.doi.org/10.1186/s13059-014-0480-5}, DOI={10.1186/s13059-014-0480-5}, number={10}, journal={Genome Biology}, publisher={Springer Nature}, author={Fu, Yao and Liu, Zhu and Lou, Shaoke and Bedford, Jason and Mu, Xinmeng Jasmine and Yip, Kevin Y and Khurana, Ekta and Gerstein, Mark}, year={2014}, month={Oct}}
@article{Quang_2014, title={DANN: a deep learning approach for annotating the pathogenicity of genetic variants}, volume={31}, ISSN={1460-2059}, url={http://dx.doi.org/10.1093/bioinformatics/btu703}, DOI={10.1093/bioinformatics/btu703}, number={5}, journal={Bioinformatics}, publisher={Oxford University Press (OUP)}, author={Quang, D. and Chen, Y. and Xie, X.}, year={2014}, month={Oct}, pages={761–763}}
@article{Stenson_2013, title={The Human Gene Mutation Database: building a comprehensive mutation repository for clinical and molecular genetics, diagnostic testing and personalized genomic medicine}, volume={133}, ISSN={1432-1203}, url={http://dx.doi.org/10.1007/s00439-013-1358-4}, DOI={10.1007/s00439-013-1358-4}, number={1}, journal={Human Genetics}, publisher={Springer Nature}, author={Stenson, Peter D. and Mort, Matthew and Ball, Edward V. and Shaw, Katy and Phillips, Andrew D. and Cooper, David N.}, year={2013}, month={Sep}, pages={1–9}}
@article{Mather_2016, title={CADD score has limited clinical validity for the identification of pathogenic variants in noncoding regions in a hereditary cancer panel}, ISSN={1530-0366}, url={http://dx.doi.org/10.1038/gim.2016.44}, DOI={10.1038/gim.2016.44}, journal={Genetics in Medicine}, publisher={Springer Nature}, author={Mather, Cheryl A. and Mooney, Sean D. and Salipante, Stephen J. and Scroggins, Sheena and Wu, David and Pritchard, Colin C. and Shirts, Brian H.}, year={2016}, month={May}}
@article{Itan_2015, title={The human gene damage index as a gene-level approach to prioritizing exome variants}, volume={112}, ISSN={1091-6490}, url={http://dx.doi.org/10.1073/pnas.1518646112}, DOI={10.1073/pnas.1518646112}, number={44}, journal={Proc Natl Acad Sci USA}, publisher={Proceedings of the National Academy of Sciences}, author={Itan, Yuval and Shang, Lei and Boisson, Bertrand and Patin, Etienne and Bolze, Alexandre and Moncada-Vélez, Marcela and Scott, Eric and Ciancanelli, Michael J. and Lafaille, Fabien G. and Markle, Janet G. and et al.}, year={2015}, month={Oct}, pages={13615–13620}}
@article{Song_2015, title={Exploring the landscape of pathogenic genetic variation in the ExAC population database: insights of relevance to variant classification}, volume={18}, ISSN={1530-0366}, url={http://dx.doi.org/10.1038/gim.2015.180}, DOI={10.1038/gim.2015.180}, number={8}, journal={Genetics in Medicine}, publisher={Springer Nature}, author={Song, Wei and Gardner, Sabrina A. and Hovhannisyan, Hayk and Natalizio, Amanda and Weymouth, Katelyn S. and Chen, Wenjie and Thibodeau, Ildiko and Bogdanova, Ekaterina and Letovsky, Stanley and Willis, Alecia and et al.}, year={2015}, month={Dec}, pages={850–854}}
@article{Cooper_2013, title={Where genotype is not predictive of phenotype: towards an understanding of the molecular basis of reduced penetrance in human inherited disease}, volume={132}, ISSN={1432-1203}, url={http://dx.doi.org/10.1007/s00439-013-1331-2}, DOI={10.1007/s00439-013-1331-2}, number={10}, journal={Human Genetics}, publisher={Springer Nature}, author={Cooper, David N. and Krawczak, Michael and Polychronakos, Constantin and Tyler-Smith, Chris and Kehrer-Sawatzki, Hildegard}, year={2013}, month={Jul}, pages={1077–1130}}
@article{Zhang_2015, title={Non-coding genetic variants in human disease: Figure 1.}, volume={24}, ISSN={1460-2083}, url={http://dx.doi.org/10.1093/hmg/ddv259}, DOI={10.1093/hmg/ddv259}, number={R1}, journal={Human Molecular Genetics}, publisher={Oxford University Press (OUP)}, author={Zhang, Feng and Lupski, James R.}, year={2015}, month={Jul}, pages={R102–R110}}
@article{Ionita_Laza_2016, title={A spectral approach integrating functional genomic annotations for coding and noncoding variants}, volume={48}, ISSN={1546-1718}, url={http://dx.doi.org/10.1038/ng.3477}, DOI={10.1038/ng.3477}, number={2}, journal={Nat Genet}, publisher={Nature Publishing Group}, author={Ionita-Laza, Iuliana and McCallum, Kenneth and Xu, Bin and Buxbaum, Joseph D}, year={2016}, month={Jan}, pages={214–220}}
@article{Zhou_2015, title={Predicting effects of noncoding variants with deep learning–based sequence model}, volume={12}, ISSN={1548-7105}, url={http://dx.doi.org/10.1038/nmeth.3547}, DOI={10.1038/nmeth.3547}, number={10}, journal={Nat Meth}, publisher={Nature Publishing Group}, author={Zhou, Jian and Troyanskaya, Olga G}, year={2015}, month={Aug}, pages={931–934}}
@article{Giardine_2007, title={PhenCode: connecting ENCODE data with mutations and phenotype}, volume={28}, ISSN={1098-1004}, url={http://dx.doi.org/10.1002/humu.20484}, DOI={10.1002/humu.20484}, number={6}, journal={Human Mutation}, publisher={Wiley-Blackwell}, author={Giardine, Belinda and Riemer, Cathy and Hefferon, Tim and Thomas, Daryl and Hsu, Fan and Zielenski, Julian and Sang, Yunhua and Elnitski, Laura and Cutting, Garry and Trumbower, Heather and et al.}, year={2007}, pages={554–562}}
@article{Piiril__2006, title={Immunodeficiency mutation databases (IDbases)}, volume={27}, ISSN={1098-1004}, url={http://dx.doi.org/10.1002/humu.20405}, DOI={10.1002/humu.20405}, number={12}, journal={Human Mutation}, publisher={Wiley-Blackwell}, author={Piirilä, Hilkka and Väliaho, Jouni and Vihinen, Mauno}, year={2006}, month={Dec}, pages={1200–1208}}
@article{CaddSite, author={Combined Annotation Dependent Depletion (CADD)}, title={Available: http://cadd.gs.washington.edu/info. [Accessed 1 Oct 2015]}, year={2015}, journal={URL}}
@article{ACGN, author={Association of Clinical Genetics Netherlands}, title={Available: http://vkgn.org/vakinformatie/richtlijnen-en-protocollen/. [Accessed 15 March 2016]}, journal={URL}, year={2016}}
@article{Tarasov_2015, title={Sambamba: fast processing of NGS alignment formats}, volume={31}, ISSN={1460-2059}, url={http://dx.doi.org/10.1093/bioinformatics/btv098}, DOI={10.1093/bioinformatics/btv098}, number={12}, journal={Bioinformatics}, publisher={Oxford University Press (OUP)}, author={Tarasov, Artem and Vilella, Albert J. and Cuppen, Edwin and Nijman, Isaac J. and Prins, Pjotr}, year={2015}, month={Feb}, pages={2032–2034}}
@article{Weiss_2013, title={Best Practice Guidelines for the Use of Next-Generation Sequencing Applications in Genome Diagnostics: A National Collaborative Study of Dutch Genome Diagnostic Laboratories}, volume={34}, ISSN={1059-7794}, url={http://dx.doi.org/10.1002/humu.22368}, DOI={10.1002/humu.22368}, number={10}, journal={Human Mutation}, publisher={Wiley-Blackwell}, author={Weiss, Marjan M. and Van der Zwaag, Bert and Jongbloed, Jan D. H. and Vogel, Maartje J. and Brüggenwirth, Hennie T. and Lekanne Deprez, Ronald H. and Mook, Olaf and Ruivenkamp, Claudia A. L. and van Slegtenhorst, Marjon A. and van den Wijngaard, Arthur and et al.}, year={2013}, month={Aug}, pages={1313–1321}}
@article{Glanzmann_2016, title={A new tool for prioritization of sequence variants from whole exome sequencing data}, volume={11}, ISSN={1751-0473}, url={http://dx.doi.org/10.1186/s13029-016-0056-8}, DOI={10.1186/s13029-016-0056-8}, number={1}, journal={Source Code for Biology and Medicine}, publisher={Springer Nature}, author={Glanzmann, Brigitte and Herbst, Hendri and Kinnear, Craig J. and Möller, Marlo and Gamieldien, Junaid and Bardien, Soraya}, year={2016}, month={Jul}}
@article{McLaughlin_2014, title={A systematic approach to the reporting of medically relevant findings from whole genome sequencing}, volume={15}, ISSN={1471-2350}, url={http://dx.doi.org/10.1186/s12881-014-0134-1}, DOI={10.1186/s12881-014-0134-1}, number={1}, journal={BMC Medical Genetics}, publisher={Springer Nature}, author={McLaughlin, Heather M and Ceyhan-Birsoy, Ozge and Christensen, Kurt D and Kohane, Isaac S and Krier, Joel and Lane, William J and Lautenbach, Denise and Lebo, Matthew S and Machini, Kalotina and et al.}, year={2014}, month={Dec}}
@article{Robinson_2010, title={The Human Phenotype Ontology}, volume={77}, ISSN={0009-9163}, url={http://dx.doi.org/10.1111/j.1399-0004.2010.01436.x}, DOI={10.1111/j.1399-0004.2010.01436.x}, number={6}, journal={Clinical Genetics}, publisher={Wiley-Blackwell}, author={Robinson, PN and Mundlos, S}, year={2010}, month={Apr}, pages={525–534}}
@article{Girdea_2013, title={PhenoTips: Patient Phenotyping Software for Clinical and Research Use}, volume={34}, ISSN={1059-7794}, url={http://dx.doi.org/10.1002/humu.22347}, DOI={10.1002/humu.22347}, number={8}, journal={Human Mutation}, publisher={Wiley-Blackwell}, author={Girdea, Marta and Dumitriu, Sergiu and Fiume, Marc and Bowdin, Sarah and Boycott, Kym M. and Chénier, Sébastien and Chitayat, David and Faghfoury, Hanna and Meyn, M. Stephen and Ray, Peter N. and et al.}, year={2013}, month={May}, pages={1057–1065}}
@article{Chen_2015, title={Manta: rapid detection of structural variants and indels for germline and cancer sequencing applications}, volume={32}, ISSN={1460-2059}, url={http://dx.doi.org/10.1093/bioinformatics/btv710}, DOI={10.1093/bioinformatics/btv710}, number={8}, journal={Bioinformatics}, publisher={Oxford University Press (OUP)}, author={Chen, Xiaoyu and Schulz-Trieglaff, Ole and Shaw, Richard and Barnes, Bret and Schlesinger, Felix and Källberg, Morten and Cox, Anthony J. and Kruglyak, Semyon and Saunders, Christopher T.}, year={2015}, month={Dec}, pages={1220–1222}}
@article{Rausch_2012, title={DELLY: structural variant discovery by integrated paired-end and split-read analysis}, volume={28}, ISSN={1460-2059}, url={http://dx.doi.org/10.1093/bioinformatics/bts378}, DOI={10.1093/bioinformatics/bts378}, number={18}, journal={Bioinformatics}, publisher={Oxford University Press (OUP)}, author={Rausch, T. and Zichner, T. and Schlattl, A. and Stutz, A. M. and Benes, V. and Korbel, J. O.}, year={2012}, month={Sep}, pages={i333–i339}}
@article{Li_2017, title={InterVar: Clinical Interpretation of Genetic Variants by the 2015 ACMG-AMP Guidelines}, volume={100}, ISSN={0002-9297}, url={http://dx.doi.org/10.1016/j.ajhg.2017.01.004}, DOI={10.1016/j.ajhg.2017.01.004}, number={2}, journal={The American Journal of Human Genetics}, publisher={Elsevier BV}, author={Li, Quan and Wang, Kai}, year={2017}, month={Feb}, pages={267–280}}
@article{Paila_2013, title={GEMINI: Integrative Exploration of Genetic Variation and Genome Annotations}, volume={9}, ISSN={1553-7358}, url={http://dx.doi.org/10.1371/journal.pcbi.1003153}, DOI={10.1371/journal.pcbi.1003153}, number={7}, journal={PLoS Computational Biology}, publisher={Public Library of Science (PLoS)}, author={Paila, Umadevi and Chapman, Brad A. and Kirchner, Rory and Quinlan, Aaron R.}, editor={Gardner, Paul P.Editor}, year={2013}, month={Jul}, pages={e1003153}}
@article{J_ger_2014, title={Jannovar: A Java Library for Exome Annotation}, volume={35}, ISSN={1059-7794}, url={http://dx.doi.org/10.1002/humu.22531}, DOI={10.1002/humu.22531}, number={5}, journal={Human Mutation}, publisher={Wiley-Blackwell}, author={Jäger, Marten and Wang, Kai and Bauer, Sebastian and Smedley, Damian and Krawitz, Peter and Robinson, Peter N.}, year={2014}, month={Apr}, pages={548–555}}
@article{Cheng_2012, title={VarioWatch: providing large-scale and comprehensive annotations on human genomic variants in the next generation sequencing era}, volume={40}, ISSN={1362-4962}, url={http://dx.doi.org/10.1093/nar/gks397}, DOI={10.1093/nar/gks397}, number={W1}, journal={Nucleic Acids Research}, publisher={Oxford University Press (OUP)}, author={Cheng, Y.-C. and Hsiao, F.-C. and Yeh, E.-C. and Lin, W.-J. and Tang, C.-Y. L. and Tseng, H.-C. and Wu, H.-T. and Liu, C.-K. and Chen, C.-C. and Chen, Y.-T. and et al.}, year={2012}, month={May}, pages={W76–W81}}
@article{Miller_2015, title={A 26-hour system of highly sensitive whole genome sequencing for emergency management of genetic diseases}, volume={7}, ISSN={1756-994X}, url={http://dx.doi.org/10.1186/s13073-015-0221-8}, DOI={10.1186/s13073-015-0221-8}, number={1}, journal={Genome Medicine}, publisher={Springer Nature}, author={Miller, Neil A. and Farrow, Emily G. and Gibson, Margaret and Willig, Laurel K. and Twist, Greyson and Yoo, Byunggil and Marrs, Tyler and Corder, Shane and Krivohlavek, Lisa and Walter, Adam and et al.}, year={2015}, month={Sep}}
@article{Kennedy_2014, title={Using VAAST to Identify Disease-Associated Variants in Next-Generation Sequencing Data}, ISBN={http://id.crossref.org/isbn/9780471142904}, url={http://dx.doi.org/10.1002/0471142905.hg0614s81}, DOI={10.1002/0471142905.hg0614s81}, journal={Current Protocols in Human Genetics}, publisher={Wiley-Blackwell}, author={Kennedy, Brett and Kronenberg, Zev and Hu, Hao and Moore, Barry and Flygare, Steven and Reese, Martin G. and Jorde, Lynn B. and Yandell, Mark and Huff, Chad}, year={2014}, month={Apr}, pages={6.14.1–6.14.25}}
@article{Brownstein_2014, title={An international effort towards developing standards for best practices in analysis, interpretation and reporting of clinical genome sequencing results in the CLARITY Challenge}, volume={15}, ISSN={1465-6906}, url={http://dx.doi.org/10.1186/gb-2014-15-3-r53}, DOI={10.1186/gb-2014-15-3-r53}, number={3}, journal={Genome Biology}, publisher={Springer Nature}, author={Brownstein, Catherine A and Beggs, Alan H and Homer, Nils and Merriman, Barry and Yu, Timothy W and Flannery, Katherine C and DeChene, Elizabeth T and Towne, Meghan C and Savage, Sarah K and Price, Emily N and et al.}, year={2014}, pages={R53}}
@article{van_der_Velde_2013a, title={WormQTLHD—a web database for linking human disease to natural variation data in C. elegans}, volume={42}, ISSN={1362-4962}, url={http://dx.doi.org/10.1093/nar/gkt1044}, DOI={10.1093/nar/gkt1044}, number={D1}, journal={Nucleic Acids Research}, publisher={Oxford University Press (OUP)}, author={van der Velde, K. Joeri and de Haan, Mark and Zych, Konrad and Arends, Danny and Snoek, L. Basten and Kammenga, Jan E. and Jansen, Ritsert C. and Swertz, Morris A. and Li, Yang}, year={2013}, month={Nov}, pages={D794–D801}}
@article{Pang_2015, title={SORTA: a system for ontology-based re-coding and technical annotation of biomedical phenotype data}, volume={2015}, ISSN={1758-0463}, url={http://dx.doi.org/10.1093/database/bav089}, DOI={10.1093/database/bav089}, journal={Database}, publisher={Oxford University Press (OUP)}, author={Pang, Chao and Sollie, Annet and Sijtsma, Anna and Hendriksen, Dennis and Charbon, Bart and de Haan, Mark and de Boer, Tommy and Kelpin, Fleur and Jetten, Jonathan and van der Velde, Joeri K. and et al.}, year={2015}, pages={bav089}}
@article{Ziemann_2016, title={Gene name errors are widespread in the scientific literature}, volume={17}, ISSN={1474-760X}, url={http://dx.doi.org/10.1186/s13059-016-1044-7}, DOI={10.1186/s13059-016-1044-7}, number={1}, journal={Genome Biology}, publisher={Springer Nature}, author={Ziemann, Mark and Eren, Yotam and El-Osta, Assam}, year={2016}, month={Aug}}
@article{Lappalainen_2015, title={The European Genome-phenome Archive of human data consented for biomedical research}, volume={47}, ISSN={1546-1718}, url={http://dx.doi.org/10.1038/ng.3312}, DOI={10.1038/ng.3312}, number={7}, journal={Nature Genetics}, publisher={Springer Nature}, author={Lappalainen, Ilkka and Almeida-King, Jeff and Kumanduri, Vasudev and Senf, Alexander and Spalding, John Dylan and ur-Rehman, Saif and Saunders, Gary and Kandasamy, Jag and Caccamo, Mario and Leinonen, Rasko and et al.}, year={2015}, month={Jun}, pages={692–695}}
@article{Byron_2016, title={Translating RNA sequencing into clinical diagnostics: opportunities and challenges}, volume={17}, ISSN={1471-0064}, url={http://dx.doi.org/10.1038/nrg.2016.10}, DOI={10.1038/nrg.2016.10}, number={5}, journal={Nature Reviews Genetics}, publisher={Springer Nature}, author={Byron, Sara A. and Van Keuren-Jensen, Kendall R. and Engelthaler, David M. and Carpten, John D. and Craig, David W.}, year={2016}, month={Mar}, pages={257–271}}
@article{Heyn_2012, title={DNA methylation profiling in the clinic: applications and challenges}, volume={13}, ISSN={1471-0064}, url={http://dx.doi.org/10.1038/nrg3270}, DOI={10.1038/nrg3270}, number={10}, journal={Nature Reviews Genetics}, publisher={Springer Nature}, author={Heyn, Holger and Esteller, Manel}, year={2012}, month={Sep}, pages={679–692}}
@article{Gargalionis_2012, title={Histone modifications as a pathogenic mechanism of colorectal tumorigenesis}, volume={44}, ISSN={1357-2725}, url={http://dx.doi.org/10.1016/j.biocel.2012.05.002}, DOI={10.1016/j.biocel.2012.05.002}, number={8}, journal={The International Journal of Biochemistry \& Cell Biology}, publisher={Elsevier BV}, author={Gargalionis, Antonios N. and Piperi, Christina and Adamopoulos, Christos and Papavassiliou, Athanasios G.}, year={2012}, month={Aug}, pages={1276–1289}}
@article{Raes_2016, title={Microbiome-based companion diagnostics: no longer science fiction?}, volume={65}, ISSN={1468-3288}, url={http://dx.doi.org/10.1136/gutjnl-2015-311015}, DOI={10.1136/gutjnl-2015-311015}, number={6}, journal={Gut}, publisher={BMJ}, author={Raes, J}, year={2016}, month={Jan}, pages={896–897}}
@article{Bonder_2016, title={The effect of host genetics on the gut microbiome}, volume={48}, ISSN={1546-1718}, url={http://dx.doi.org/10.1038/ng.3663}, DOI={10.1038/ng.3663}, number={11}, journal={Nature Genetics}, publisher={Springer Nature}, author={Bonder, Marc Jan and Kurilshikov, Alexander and Tigchelaar, Ettje F and Mujagic, Zlatan and Imhann, Floris and Vila, Arnau Vich and Deelen, Patrick and Vatanen, Tommi and Schirmer, Melanie and Smeekens, Sanne P and et al.}, year={2016}, month={Oct}, pages={1407–1412}}
@article{Heiner_Fokkema_2016, title={Reliable Diagnosis of Carnitine Palmitoyltransferase Type IA Deficiency by Analysis of Plasma Acylcarnitine Profiles}, ISSN={2192-8312}, url={http://dx.doi.org/10.1007/8904_2016_564}, DOI={10.1007/8904_2016_564}, journal={JIMD Reports}, publisher={Springer Nature}, author={Heiner-Fokkema, M. Rebecca and Vaz, Frédéric M. and Maatman, Ronald and Kluijtmans, Leo A. J. and van Spronsen, Francjan J. and Reijngoud, Dirk-Jan}, year={2016}}
@article{Miller_2015b, title={Untargeted metabolomic analysis for the clinical screening of inborn errors of metabolism}, volume={38}, ISSN={1573-2665}, url={http://dx.doi.org/10.1007/s10545-015-9843-7}, DOI={10.1007/s10545-015-9843-7}, number={6}, journal={Journal of Inherited Metabolic Disease}, publisher={Springer Nature}, author={Miller, Marcus J. and Kennedy, Adam D. and Eckhart, Andrea D. and Burrage, Lindsay C. and Wulff, Jacob E. and Miller, Luke A.D. and Milburn, Michael V. and Ryals, John A. and Beaudet, Arthur L. and Sun, Qin and et al.}, year={2015}, month={Apr}, pages={1029–1039}}
@article{Gowda_2008, title={Metabolomics-based methods for early disease diagnostics}, volume={8}, ISSN={1744-8352}, url={http://dx.doi.org/10.1586/14737159.8.5.617}, DOI={10.1586/14737159.8.5.617}, number={5}, journal={Expert Review of Molecular Diagnostics}, publisher={Informa Healthcare}, author={Gowda, GA Nagana and Zhang, Shucha and Gu, Haiwei and Asiago, Vincent and Shanaiah, Narasimhamurthy and Raftery, Daniel}, year={2008}, month={Sep}, pages={617–633}}
@article{Hanash_2003, title={Disease proteomics}, volume={422}, ISSN={0028-0836}, url={http://dx.doi.org/10.1038/nature01514}, DOI={10.1038/nature01514}, number={6928}, journal={Nature}, publisher={Springer Nature}, author={Hanash, Sam}, year={2003}, month={Mar}, pages={226–232}}
@article{F_z_ry_2013, title={Translation of proteomic biomarkers into FDA approved cancer diagnostics: issues and challenges}, volume={10}, ISSN={1559-0275}, url={http://dx.doi.org/10.1186/1559-0275-10-13}, DOI={10.1186/1559-0275-10-13}, number={1}, journal={Clinical Proteomics}, publisher={Springer Nature}, author={Füzéry, Anna K and Levin, Joshua and Chan, Maria M and Chan, Daniel W}, year={2013}, pages={13}}
@article{Gstaiger_2009, title={Applying mass spectrometry-based proteomics to genetics, genomics and network biology}, volume={10}, ISSN={1471-0064}, url={http://dx.doi.org/10.1038/nrg2633}, DOI={10.1038/nrg2633}, number={9}, journal={Nature Reviews Genetics}, publisher={Springer Nature}, author={Gstaiger, Matthias and Aebersold, Ruedi}, year={2009}, month={Sep}, pages={617–627}}
@inproceedings{Resnik:1995:UIC:1625855.1625914, author = {Resnik, Philip}, title = {Using Information Content to Evaluate Semantic Similarity in a Taxonomy}, booktitle = {Proceedings of the 14th International Joint Conference on Artificial Intelligence - Volume 1}, series = {IJCAI'95}, year = {1995}, isbn = {1-55860-363-8, 978-1-558-60363-9}, location = {Montreal, Quebec, Canada}, pages = {448--453}, numpages = {6}, url = {http://dl.acm.org/citation.cfm?id=1625855.1625914}, acmid = {1625914}, publisher = {Morgan Kaufmann Publishers Inc.}, address = {San Francisco, CA, USA}} 
@article{Mina2015, author="Mina, Eleni and Thompson, Mark and Kaliyaperumal, Rajaram and Zhao, Jun and der Horst, van Eelke and Tatum, Zuotian and Hettne, Kristina M. and Schultes, Erik A. and Mons, Barend and Roos, Marco", title="Nanopublications for exposing experimental data in the life-sciences: a Huntington's Disease case study", journal="Journal of Biomedical Semantics", year="2015", volume="6", number="1", pages="5", abstract="Data from high throughput experiments often produce far more results than can ever appear in the main text or tables of a single research article. In these cases, the majority of new associations are often archived either as supplemental information in an arbitrary format or in publisher-independent databases that can be difficult to find. These data are not only lost from scientific discourse, but are also elusive to automated search, retrieval and processing. Here, we use the nanopublication model to make scientific assertions that were concluded from a workflow analysis of Huntington's Disease data machine-readable, interoperable, and citable. We followed the nanopublication guidelines to semantically model our assertions as well as their provenance metadata and authorship. We demonstrate interoperability by linking nanopublication provenance to the Research Object model. These results indicate that nanopublications can provide an incentive for researchers to expose data that is interoperable and machine-readable for future use and preservation for which they can get credits for their effort. Nanopublications can have a leading role into hypotheses generation offering opportunities to produce large-scale data integration.", issn="2041-1480", doi="10.1186/2041-1480-6-5", url="http://dx.doi.org/10.1186/2041-1480-6-5" }
@article{Walter_2015, title={The UK10K project identifies rare variants in health and disease}, volume={526}, ISSN={1476-4687}, url={http://dx.doi.org/10.1038/nature14962}, DOI={10.1038/nature14962}, number={7571}, journal={Nature}, publisher={Springer Nature}, author={Walter, Klaudia and Min, Josine L. and Huang, Jie and Crooks, Lucy and Memari, Yasin and McCarthy, Shane and Perry, John R. B. and Xu, ChangJiang and Futema, Marta and Lawson, Daniel and et al.}, year={2015}, month={Sep}, pages={82–90}}
@article{van_der_Velde_2017, title={GAVIN: Gene-Aware Variant INterpretation for medical sequencing}, volume={18}, ISSN={1474-760X}, url={http://dx.doi.org/10.1186/s13059-016-1141-7}, DOI={10.1186/s13059-016-1141-7}, number={1}, journal={Genome Biology}, publisher={Springer Nature}, author={van der Velde, K. Joeri and de Boer, Eddy N. and van Diemen, Cleo C. and Sikkema-Raddatz, Birgit and Abbott, Kristin M. and Knopperts, Alain and Franke, Lude and Sijmons, Rolf H. and de Koning, Tom J. and Wijmenga, Cisca and et al.}, year={2017}, month={Jan}}
@article{Brookes_2015, title={Human genotype–phenotype databases: aims, challenges and opportunities}, volume={16}, ISSN={1471-0064}, url={http://dx.doi.org/10.1038/nrg3932}, DOI={10.1038/nrg3932}, number={12}, journal={Nature Reviews Genetics}, publisher={Springer Nature}, author={Brookes, Anthony J. and Robinson, Peter N.}, year={2015}, month={Nov}, pages={702–715}}
@article{Jupp_2014, title={The EBI RDF platform: linked open data for the life sciences}, volume={30}, ISSN={1460-2059}, url={http://dx.doi.org/10.1093/bioinformatics/btt765}, DOI={10.1093/bioinformatics/btt765}, number={9}, journal={Bioinformatics}, publisher={Oxford University Press (OUP)}, author={Jupp, S. and Malone, J. and Bolleman, J. and Brandizi, M. and Davies, M. and Garcia, L. and Gaulton, A. and Gehant, S. and Laibe, C. and Redaschi, N. and et al.}, year={2014}, month={Jan}, pages={1338–1339}}
@article{Anguita_2013, title={NCBI2RDF: Enabling Full RDF-Based Access to NCBI Databases}, volume={2013}, ISSN={2314-6141}, url={http://dx.doi.org/10.1155/2013/983805}, DOI={10.1155/2013/983805}, journal={BioMed Research International}, publisher={Hindawi Publishing Corporation}, author={Anguita, Alberto and García-Remesal, Miguel and de la Iglesia, Diana and Maojo, Victor}, year={2013}, pages={1–9}}
@article{Pang_2014, title={BiobankConnect: software to rapidly connect data elements for pooled analysis across biobanks using ontological and lexical indexing}, ISSN={1527-974X}, url={http://dx.doi.org/10.1136/amiajnl-2013-002577}, DOI={10.1136/amiajnl-2013-002577}, journal={Journal of the American Medical Informatics Association}, publisher={Oxford University Press (OUP)}, author={Pang, C. and Hendriksen, D. and Dijkstra, M. and van der Velde, K. J. and Kuiper, J. and Hillege, H. and Swertz, M.}, year={2014}, month={Oct}}
@article{Callahan_2011, title={HyQue: evaluating hypotheses using Semantic Web technologies}, volume={2}, ISSN={2041-1480}, url={http://dx.doi.org/10.1186/2041-1480-2-S2-S3}, DOI={10.1186/2041-1480-2-s2-s3}, number={Suppl 2}, journal={Journal of Biomedical Semantics}, publisher={Springer Nature}, author={Callahan, Alison and Dumontier, Michel and Shah, Nigam H}, year={2011}, pages={S3}}
@article{Wolstencroft_2013, title={The Taverna workflow suite: designing and executing workflows of Web Services on the desktop, web or in the cloud}, volume={41}, ISSN={1362-4962}, url={http://dx.doi.org/10.1093/nar/gkt328}, DOI={10.1093/nar/gkt328}, number={W1}, journal={Nucleic Acids Research}, publisher={Oxford University Press (OUP)}, author={Wolstencroft, K. and Haines, R. and Fellows, D. and Williams, A. and Withers, D. and Owen, S. and Soiland-Reyes, S. and Dunlop, I. and Nenadic, A. and Fisher, P. and et al.}, year={2013}, month={May}, pages={W557–W561}}
@article{Amstutz2016, author={Peter Amstutz and Michael R. Crusoe and Nebojša Tijanić and Brad Chapman and John Chilton and Michael Heuer and Andrey Kartashov and Dan Leehr and Hervé Ménager and Maya Nedeljkovich and Matt Scales and Stian Soiland-Reyes and Luka Stojanovic}, title={Common Workflow Language, v1.0}, year={2016} ,month={7}, url={https://figshare.com/articles/Common_Workflow_Language_draft_3/3115156}, doi={10.6084/m9.figshare.3115156.v2}, journal={Figshare}}
@article{Wilkinson_2010, title={SADI, SHARE, and the in silico scientific method}, volume={11}, ISSN={1471-2105}, url={http://dx.doi.org/10.1186/1471-2105-11-S12-S7}, DOI={10.1186/1471-2105-11-s12-s7}, number={Suppl 12}, journal={BMC Bioinformatics}, publisher={Springer Nature}, author={Wilkinson, Mark D and McCarthy, Luke and Vandervalk, Benjamin and Withers, David and Kawas, Edward and Samadian, Soroush}, year={2010}, pages={S7}}
@article{Withers_2010, title={Semantically-Guided Workflow Construction in Taverna: The SADI and BioMoby Plug-Ins}, ISBN={http://id.crossref.org/isbn/978-3-642-16558-0}, ISSN={1611-3349}, url={http://dx.doi.org/10.1007/978-3-642-16558-0_26}, DOI={10.1007/978-3-642-16558-0_26}, journal={Leveraging Applications of Formal Methods, Verification, and Validation}, publisher={Springer Nature}, author={Withers, David and Kawas, Edward and McCarthy, Luke and Vandervalk, Benjamin and Wilkinson, Mark}, year={2010}, pages={301–312}}
@article{Goble_2010, title={myExperiment: a repository and social network for the sharing of bioinformatics workflows}, volume={38}, ISSN={1362-4962}, url={http://dx.doi.org/10.1093/nar/gkq429}, DOI={10.1093/nar/gkq429}, number={Web Server}, journal={Nucleic Acids Research}, publisher={Oxford University Press (OUP)}, author={Goble, C. A. and Bhagat, J. and Aleksejevs, S. and Cruickshank, D. and Michaelides, D. and Newman, D. and Borkum, M. and Bechhofer, S. and Roos, M. and Li, P. and et al.}, year={2010}, month={May}, pages={W677–W682}}
@article{Wallis_2013, title={Practice guidelines for the evaluation of pathogenicity and the reporting of sequence variants in clinical molecular genetics}, author={Wallis, Yvonne and Payne, Stewart and McAnulty, Ciaron and Bodmer, Danielle and Sistermans, Erik and Robertson, Kathryn and Moore, David and Abbs, Stephen and Deans, Zandra and Devereau, Andrew}, journal={Association for Clinical Genetic Science and the Dutch Society of Clinical Genetic Laboratory Specialists}, year={2013}}
@article{Ritchie_2015, title={Methods of integrating data to uncover genotype–phenotype interactions}, volume={16}, ISSN={1471-0064}, url={http://dx.doi.org/10.1038/nrg3868}, DOI={10.1038/nrg3868}, number={2}, journal={Nature Reviews Genetics}, publisher={Springer Nature}, author={Ritchie, Marylyn D. and Holzinger, Emily R. and Li, Ruowang and Pendergrass, Sarah A. and Kim, Dokyoon}, year={2015}, month={Jan}, pages={85–97}}
@article{Eriksson_2003, title={Recurrent de novo point mutations in lamin A cause Hutchinson–Gilford progeria syndrome}, volume={423}, ISSN={0028-0836}, url={http://dx.doi.org/10.1038/nature01629}, DOI={10.1038/nature01629}, number={6937}, journal={Nature}, publisher={Springer Nature}, author={Eriksson, Maria and Brown, W. Ted and Gordon, Leslie B. and Glynn, Michael W. and Singer, Joel and Scott, Laura and Erdos, Michael R. and Robbins, Christiane M. and Moses, Tracy Y. and Berglund, Peter and et al.}, year={2003}, month={Apr}, pages={293–298}}
@article{Shawky_2014, title={Reduced penetrance in human inherited disease}, volume={15}, ISSN={1110-8630}, url={http://dx.doi.org/10.1016/j.ejmhg.2014.01.003}, DOI={10.1016/j.ejmhg.2014.01.003}, number={2}, journal={Egyptian Journal of Medical Human Genetics}, publisher={Elsevier BV}, author={Shawky, Rabah M.}, year={2014}, month={Apr}, pages={103–111}}
@article{Sanger_1977, title={DNA sequencing with chain-terminating inhibitors}, volume={74}, url={https://www.ncbi.nlm.nih.gov/pmc/articles/PMC431765/}, number={12}, journal={Proc Natl Acad Sci U S A.}, publisher={}, author={Sanger, F. and Nicklen, S. and Coulson, A.R.}, year={1977}, month={December}, pages={5463–5467}}
@book{RDF-PRIMER, citeulike-article-id = {498572}, citeulike-linkout-0 = {http://www.w3.org/TR/rdf-primer/}, day = {10}, editor = {Manola, Frank and Miller, Eric}, institution = {W3C}, keywords = {dt, dt-n7, rdf, w3c}, month = feb, posted-at = {2007-08-13 07:57:25}, priority = {2}, publisher = {World Wide Web Consortium}, series = {W3C Recommendation}, title = {{RDF Primer}}, url = {http://www.w3.org/TR/rdf-primer/}, year = {2004}}
@techreport{Prudhommeaux08, citeulike-article-id = {2620569}, day = {15}, editor = {Prud'hommeaux, Eric and Seaborne, Andy}, howpublished = {W3C Recommendation}, institution = {World Wide Web Consortium}, keywords = {dea, semantic}, month = jan, posted-at = {2008-04-01 17:47:43}, priority = {2}, title = {{SPARQL} Query Language for {RDF}}, year = {2008}}
@article{Sansone_2012, title={Toward interoperable bioscience data}, volume={44}, ISSN={1546-1718}, url={http://dx.doi.org/10.1038/ng.1054}, DOI={10.1038/ng.1054}, number={2}, journal={Nature Genetics}, publisher={Springer Nature}, author={Sansone, Susanna-Assunta and Rocca-Serra, Philippe and Field, Dawn and Maguire, Eamonn and Taylor, Chris and Hofmann, Oliver and Fang, Hong and Neumann, Steffen and Tong, Weida and Amaral-Zettler, Linda and et al.}, year={2012}, month={Jan}, pages={121–126}}
@article{Wolstencroft_2016, title={FAIRDOMHub: a repository and collaboration environment for sharing systems biology research}, volume={45}, ISSN={1362-4962}, url={http://dx.doi.org/10.1093/nar/gkw1032}, DOI={10.1093/nar/gkw1032}, number={D1}, journal={Nucleic Acids Research}, publisher={Oxford University Press (OUP)}, author={Wolstencroft, Katherine and Krebs, Olga and Snoep, Jacky L. and Stanford, Natalie J. and Bacall, Finn and Golebiewski, Martin and Kuzyakiv, Rostyk and Nguyen, Quyen and Owen, Stuart and Soiland-Reyes, Stian and et al.}, year={2016}, month={Nov}, pages={D404–D407}}
@article{Crosas_2016, title={The Rise of Data Publishing (and how Dataverse 4 can help)}, journal={Journal of Technology Science}, year={Working Paper}, abstract={\&nbsp;The research community needs reliable, standard ways to make the data produced by scientific research available to the community, while getting credit\&nbsp;as data authors. As a result, a new form of scholarly publication is emerging: data publishing. Data pubishing - or making data long-term accessible, reusable\&nbsp;and citable - is more involved than simply providing\&nbsp;a link to a data file or posting the data to the researchers web site. In this paper, we define what is\&nbsp;needed for proper data publishing and describe how the\&nbsp;open-source Dataverse software helps define, enable and\&nbsp;enhance data publishing for all.}, url={http://scholar.harvard.edu/mercecrosas/publications/dataverse-4-defining-data-publishing}, author={Merc{\`e} Crosas}}
@article{Harland_2012, title={Open PHACTS: A Semantic Knowledge Infrastructure for Public and Commercial Drug Discovery Research}, ISBN={http://id.crossref.org/isbn/978-3-642-33876-2}, ISSN={1611-3349}, url={http://dx.doi.org/10.1007/978-3-642-33876-2_1}, DOI={10.1007/978-3-642-33876-2_1}, journal={Knowledge Engineering and Knowledge Management}, publisher={Springer Nature}, author={Harland, Lee}, year={2012}, pages={1–7}}
@article{Liu_2011, title={dbNSFP: A lightweight database of human nonsynonymous SNPs and their functional predictions}, volume={32}, ISSN={1059-7794}, url={http://dx.doi.org/10.1002/humu.21517}, DOI={10.1002/humu.21517}, number={8}, journal={Human Mutation}, publisher={Wiley-Blackwell}, author={Liu, Xiaoming and Jian, Xueqiu and Boerwinkle, Eric}, year={2011}, month={Jul}, pages={894–899}}
@article{Pedersen_2016, title={Vcfanno: fast, flexible annotation of genetic variants}, volume={17}, ISSN={1474-760X}, url={http://dx.doi.org/10.1186/s13059-016-0973-5}, DOI={10.1186/s13059-016-0973-5}, number={1}, journal={Genome Biology}, publisher={Springer Nature}, author={Pedersen, Brent S. and Layer, Ryan M. and Quinlan, Aaron R.}, year={2016}, month={Jun}}
@article{McCarthy_2014, title={Choice of transcripts and software has a large effect on variant annotation}, volume={6}, ISSN={1756-994X}, url={http://dx.doi.org/10.1186/gm543}, DOI={10.1186/gm543}, number={3}, journal={Genome Medicine}, publisher={Springer Nature}, author={McCarthy, Davis J and Humburg, Peter and Kanapin, Alexander and Rivas, Manuel A and Gaulton, Kyle and Cazier, Jean-Baptiste and Donnelly, Peter}, year={2014}, pages={26}}
@article{Feng_2014, title={Review of Current Methods, Applications, and Data Management for the Bioinformatics Analysis of Whole Exome Sequencing}, ISSN={1176-9351}, url={http://dx.doi.org/10.4137/CIN.S13779}, DOI={10.4137/cin.s13779}, journal={Cancer Informatics}, publisher={Libertas Academica, Ltd.}, author={Feng and Bao, R and Huang, L and Andrade, J and Tan, W and Kibbe, W and Jiang, Hongmei}, year={2014}, month={Sep}, pages={67}}
@article{Mailman_2007, title={The NCBI dbGaP database of genotypes and phenotypes}, volume={39}, ISSN={1061-4036}, url={http://dx.doi.org/10.1038/ng1007-1181}, DOI={10.1038/ng1007-1181}, number={10}, journal={Nature Genetics}, publisher={Springer Nature}, author={Mailman, Matthew D and Feolo, Michael and Jin, Yumi and Kimura, Masato and Tryka, Kimberly and Bagoutdinov, Rinat and Hao, Luning and Kiang, Anne and Paschall, Justin and Phan, Lon and et al.}, year={2007}, month={Sep}}
@article{Rustici_2012, title={ArrayExpress update--trends in database growth and links to data analysis tools}, volume={41}, ISSN={1362-4962}, url={http://dx.doi.org/10.1093/nar/gks1174}, DOI={10.1093/nar/gks1174}, number={D1}, journal={Nucleic Acids Research}, publisher={Oxford University Press (OUP)}, author={Rustici, G. and Kolesnikov, N. and Brandizi, M. and Burdett, T. and Dylag, M. and Emam, I. and Farne, A. and Hastings, E. and Ison, J. and Keays, M. and et al.}, year={2012}, month={Nov}, pages={D987–D990}}
@article{Leinonen_2010, title={The European Nucleotide Archive}, volume={39}, ISSN={1362-4962}, url={http://dx.doi.org/10.1093/nar/gkq967}, DOI={10.1093/nar/gkq967}, number={Database}, journal={Nucleic Acids Research}, publisher={Oxford University Press (OUP)}, author={Leinonen, R. and Akhtar, R. and Birney, E. and Bower, L. and Cerdeno-Tarraga, A. and Cheng, Y. and Cleland, I. and Faruque, N. and Goodgame, N. and Gibson, R. and et al.}, year={2010}, month={Oct}, pages={D28–D31}}
@article{Ginsburg_2014, title={Medical genomics: Gather and use genetic data in health care}, volume={508}, ISSN={1476-4687}, url={http://dx.doi.org/10.1038/508451a}, DOI={10.1038/508451a}, number={7497}, journal={Nature}, publisher={Nature Publishing Group}, author={Ginsburg, Geoffrey}, year={2014}, month={Apr}, pages={451–453}}
@article{Auffray_2016, title={Making sense of big data in health research: Towards an EU action plan}, volume={8}, ISSN={1756-994X}, url={http://dx.doi.org/10.1186/s13073-016-0323-y}, DOI={10.1186/s13073-016-0323-y}, number={1}, journal={Genome Med}, publisher={Springer Nature}, author={Auffray, Charles and Balling, Rudi and Barroso, Inês and Bencze, László and Benson, Mikael and Bergeron, Jay and Bernal-Delgado, Enrique and Blomberg, Niklas and Bock, Christoph and Conesa, Ana and et al.}, year={2016}, month={Jun}}
@article{Raghupathi_2014, title={Big data analytics in healthcare: promise and potential}, volume={2}, ISSN={2047-2501}, url={http://dx.doi.org/10.1186/2047-2501-2-3}, DOI={10.1186/2047-2501-2-3}, number={1}, journal={Health Information Science and Systems}, publisher={Springer Nature}, author={Raghupathi, Wullianallur and Raghupathi, Viju}, year={2014}, pages={3}}
@article{Wilfert_2016, title={Genome-wide significance testing of variation from single case exomes}, ISSN={1546-1718}, url={http://dx.doi.org/10.1038/ng.3697}, DOI={10.1038/ng.3697}, journal={Nature Genetics}, publisher={Springer Nature}, author={Wilfert, Amy B and Chao, Katherine R and Kaushal, Madhurima and Jain, Sanjay and Zöllner, Sebastian and Adams, David R and Conrad, Donald F}, year={2016}, month={Oct}}
@article{Sifrim_2013, title={eXtasy: variant prioritization by genomic data fusion}, volume={10}, ISSN={1548-7105}, url={http://dx.doi.org/10.1038/nmeth.2656}, DOI={10.1038/nmeth.2656}, number={11}, journal={Nature Methods}, publisher={Springer Nature}, author={Sifrim, Alejandro and Popovic, Dusan and Tranchevent, Leon-Charles and Ardeshirdavani, Amin and Sakai, Ryo and Konings, Peter and Vermeesch, Joris R and Aerts, Jan and De Moor, Bart and Moreau, Yves}, year={2013}, month={Sep}, pages={1083–1084}}
@article{Chiang_2015, title={SpeedSeq: ultra-fast personal genome analysis and interpretation}, volume={12}, ISSN={1548-7105}, url={http://dx.doi.org/10.1038/nmeth.3505}, DOI={10.1038/nmeth.3505}, number={10}, journal={Nature Methods}, publisher={Springer Nature}, author={Chiang, Colby and Layer, Ryan M and Faust, Gregory G and Lindberg, Michael R and Rose, David B and Garrison, Erik P and Marth, Gabor T and Quinlan, Aaron R and Hall, Ira M}, year={2015}, month={Aug}, pages={966–968}}
@article{Guo_2015, title={SeqMule: automated pipeline for analysis of human exome/genome sequencing data}, volume={5}, ISSN={2045-2322}, url={http://dx.doi.org/10.1038/srep14283}, DOI={10.1038/srep14283}, number={1}, journal={Scientific Reports}, publisher={Springer Nature}, author={Guo, Yunfei and Ding, Xiaolei and Shen, Yufeng and Lyon, Gholson J. and Wang, Kai}, year={2015}, month={Sep}}
@article{Wang_2015, title={ClinLabGeneticist: a tool for clinical management of genetic variants from whole exome sequencing in clinical genetic laboratories}, volume={7}, ISSN={1756-994X}, url={http://dx.doi.org/10.1186/s13073-015-0207-6}, DOI={10.1186/s13073-015-0207-6}, number={1}, journal={Genome Medicine}, publisher={Springer Nature}, author={Wang, Jinlian and Liao, Jun and Zhang, Jinglan and Cheng, Wei-Yi and Hakenberg, Jörg and Ma, Meng and Webb, Bryn D. and Ramasamudram-chakravarthi, Rajasekar and Karger, Lisa and Mehta, Lakshmi and et al.}, year={2015}, month={Jul}}
@article{Pham_2015, title={Scripps Genome ADVISER: Annotation and Distributed Variant Interpretation SERver}, volume={10}, ISSN={1932-6203}, url={http://dx.doi.org/10.1371/journal.pone.0116815}, DOI={10.1371/journal.pone.0116815}, number={2}, journal={PLOS ONE}, publisher={Public Library of Science (PLoS)}, author={Pham, Phillip H. and Shipman, William J. and Erikson, Galina A. and Schork, Nicholas J. and Torkamani, Ali}, editor={Guo, Nancy LanEditor}, year={2015}, month={Feb}, pages={e0116815}}
@article{Chang_2012, title={wANNOVAR: annotating genetic variants for personal genomes via the web}, volume={49}, ISSN={1468-6244}, url={http://dx.doi.org/10.1136/jmedgenet-2012-100918}, DOI={10.1136/jmedgenet-2012-100918}, number={7}, journal={Journal of Medical Genetics}, publisher={BMJ}, author={Chang, Xiao and Wang, Kai}, year={2012}, month={Jun}, pages={433–436}}
@article{Liu_2015, title={WGSA: an annotation pipeline for human genome sequencing studies}, volume={53}, ISSN={1468-6244}, url={http://dx.doi.org/10.1136/jmedgenet-2015-103423}, DOI={10.1136/jmedgenet-2015-103423}, number={2}, journal={Journal of Medical Genetics}, publisher={BMJ}, author={Liu, Xiaoming and White, Simon and Peng, Bo and Johnson, Andrew D and Brody, Jennifer A and Li, Alexander H and Huang, Zhuoyi and Carroll, Andrew and Wei, Peng and Gibbs, Richard and et al.}, year={2015}, month={Sep}, pages={111–112}}
@article{Ovaska_2010, title={Large-scale data integration framework provides a comprehensive view on glioblastoma multiforme}, volume={2}, ISSN={1756-994X}, url={http://dx.doi.org/10.1186/gm186}, DOI={10.1186/gm186}, number={9}, journal={Genome Medicine}, publisher={Springer Nature}, author={Ovaska, Kristian and Laakso, Marko and Haapa-Paananen, Saija and Louhimo, Riku and Chen, Ping and Aittomäki, Viljami and Valo, Erkka and Núñez-Fontarnau, Javier and Rantanen, Ville and Karinen, Sirkku and et al.}, year={2010}, pages={65}}
@article{Okonechnikov_2012, title={Unipro UGENE: a unified bioinformatics toolkit}, volume={28}, ISSN={1460-2059}, url={http://dx.doi.org/10.1093/bioinformatics/bts091}, DOI={10.1093/bioinformatics/bts091}, number={8}, journal={Bioinformatics}, publisher={Oxford University Press (OUP)}, author={Okonechnikov, K. and Golosova, O. and Fursov, M.}, year={2012}, month={Feb}, pages={1166–1167}}
@article{Reich_2006, title={GenePattern 2.0}, volume={38}, ISSN={1061-4036}, url={http://dx.doi.org/10.1038/ng0506-500}, DOI={10.1038/ng0506-500}, number={5}, journal={Nature Genetics}, publisher={Springer Nature}, author={Reich, Michael and Liefeld, Ted and Gould, Joshua and Lerner, Jim and Tamayo, Pablo and Mesirov, Jill P}, year={2006}, month={May}, pages={500–501}}
@article{Bavoil_2005, title={VisTrails: Enabling Interactive Multiple-View Visualizations}, ISBN={http://id.crossref.org/isbn/0-7803-9462-3}, url={http://dx.doi.org/10.1109/VISUAL.2005.1532788}, DOI={10.1109/visual.2005.1532788}, journal={VIS 05. IEEE Visualization, 2005.}, publisher={Institute of Electrical and Electronics Engineers (IEEE)}, author={Bavoil, L. and Callahan, S.P. and Crossno, P.J. and Freire, J. and Scheidegger, C.E. and Silva, C.T. and Vo, H.T.}}
@article{Reva_2011, title={Predicting the functional impact of protein mutations: application to cancer genomics}, volume={39}, ISSN={1362-4962}, url={http://dx.doi.org/10.1093/nar/gkr407}, DOI={10.1093/nar/gkr407}, number={17}, journal={Nucleic Acids Research}, publisher={Oxford University Press (OUP)}, author={Reva, B. and Antipin, Y. and Sander, C.}, year={2011}, month={Jul}, pages={e118–e118}}
@article{Pollard_2009, title={Detection of nonneutral substitution rates on mammalian phylogenies}, volume={20}, ISSN={1088-9051}, url={http://dx.doi.org/10.1101/gr.097857.109}, DOI={10.1101/gr.097857.109}, number={1}, journal={Genome Research}, publisher={Cold Spring Harbor Laboratory Press}, author={Pollard, K. S. and Hubisz, M. J. and Rosenbloom, K. R. and Siepel, A.}, year={2009}, month={Oct}, pages={110–121}}
@article{Fr_d_ric_2009, title={UMD-predictor, a new prediction tool for nucleotide substitution pathogenicity-application to four genes:FBN1,FBN2,TGFBR1, andTGFBR2}, volume={30}, ISSN={1098-1004}, url={http://dx.doi.org/10.1002/humu.20970}, DOI={10.1002/humu.20970}, number={6}, journal={Human Mutation}, publisher={Wiley-Blackwell}, author={Frédéric, Mélissa Yana and Lalande, Marine and Boileau, Catherine and Hamroun, Dalil and Claustres, Mireille and Béroud, Christophe and Collod-Béroud, Gwenaëlle}, year={2009}, month={Jun}, pages={952–959}}
@article{Zhou_2016, title={ENTPRISE: An Algorithm for Predicting Human Disease-Associated Amino Acid Substitutions from Sequence Entropy and Predicted Protein Structures}, volume={11}, ISSN={1932-6203}, url={http://dx.doi.org/10.1371/journal.pone.0150965}, DOI={10.1371/journal.pone.0150965}, number={3}, journal={PLOS ONE}, publisher={Public Library of Science (PLoS)}, author={Zhou, Hongyi and Gao, Mu and Skolnick, Jeffrey}, editor={de Brevern, Alexandre G.Editor}, year={2016}, month={Mar}, pages={e0150965}}
@article{Zhou_2011, title={PHAST: A Fast Phage Search Tool}, volume={39}, ISSN={1362-4962}, url={http://dx.doi.org/10.1093/nar/gkr485}, DOI={10.1093/nar/gkr485}, number={suppl}, journal={Nucleic Acids Research}, publisher={Oxford University Press (OUP)}, author={Zhou, Y. and Liang, Y. and Lynch, K. H. and Dennis, J. J. and Wishart, D. S.}, year={2011}, month={Jun}, pages={W347–W352}}
@article{Gulko_2015, title={A method for calculating probabilities of fitness consequences for point mutations across the human genome}, volume={47}, ISSN={1546-1718}, url={http://dx.doi.org/10.1038/ng.3196}, DOI={10.1038/ng.3196}, number={3}, journal={Nature Genetics}, publisher={Springer Nature}, author={Gulko, Brad and Hubisz, Melissa J and Gronau, Ilan and Siepel, Adam}, year={2015}, month={Jan}, pages={276–283}}
@article{Baugh_2015, title={Robust Classification of Protein Variation Using Structural Modeling and Large-Scale Data Integration}, url={http://dx.doi.org/10.1101/029041}, DOI={10.1101/029041}, publisher={Cold Spring Harbor Laboratory Press}, author={Baugh, Evan H. and Simmons-Edler, Riley and Mueller, Christian L. and Alford, Rebecca F. and Volfovsky, Natalia and Lash, Alex E. and Bonneau, Richard}, year={2015}, month={Oct}}
@article{Ioannidis_2016, title={REVEL: An Ensemble Method for Predicting the Pathogenicity of Rare Missense Variants}, volume={99}, ISSN={0002-9297}, url={http://dx.doi.org/10.1016/j.ajhg.2016.08.016}, DOI={10.1016/j.ajhg.2016.08.016}, number={4}, journal={The American Journal of Human Genetics}, publisher={Elsevier BV}, author={Ioannidis, Nilah M. and Rothstein, Joseph H. and Pejaver, Vikas and Middha, Sumit and McDonnell, Shannon K. and Baheti, Saurabh and Musolf, Anthony and Li, Qing and Holzinger, Emily and Karyadi, Danielle and et al.}, year={2016}, month={Oct}, pages={877–885}}
@article{Tavtigian_2008, title={In silico analysis of missense substitutions using sequence-alignment based methods}, volume={29}, ISSN={1098-1004}, url={http://dx.doi.org/10.1002/humu.20892}, DOI={10.1002/humu.20892}, number={11}, journal={Human Mutation}, publisher={Wiley-Blackwell}, author={Tavtigian, Sean V. and Greenblatt, Marc S. and Lesueur, Fabienne and Byrnes, Graham B.}, year={2008}, month={Nov}, pages={1327–1336}}
@article{Tavtigian_2005, title={Comprehensive statistical study of 452 BRCA1 missense substitutions with classification of eight recurrent substitutions as neutral}, volume={43}, ISSN={1468-6244}, url={http://dx.doi.org/10.1136/jmg.2005.033878}, DOI={10.1136/jmg.2005.033878}, number={4}, journal={Journal of Medical Genetics}, publisher={BMJ}, author={Tavtigian, S V}, year={2005}, month={Sep}, pages={295–305}}
@article{Grantham_1974, title={Amino Acid Difference Formula to Help Explain Protein Evolution}, volume={185}, ISSN={1095-9203}, url={http://dx.doi.org/10.1126/science.185.4154.862}, DOI={10.1126/science.185.4154.862}, number={4154}, journal={Science}, publisher={American Association for the Advancement of Science (AAAS)}, author={Grantham, R.}, year={1974}, month={Sep}, pages={862–864}}
@article{Li_2009, title={Automated inference of molecular mechanisms of disease from amino acid substitutions}, volume={25}, ISSN={1460-2059}, url={http://dx.doi.org/10.1093/bioinformatics/btp528}, DOI={10.1093/bioinformatics/btp528}, number={21}, journal={Bioinformatics}, publisher={Oxford University Press (OUP)}, author={Li, B. and Krishnan, V. G. and Mort, M. E. and Xin, F. and Kamati, K. K. and Cooper, D. N. and Mooney, S. D. and Radivojac, P.}, year={2009}, month={Sep}, pages={2744–2750}}
@article{Davydov_2010, title={Identifying a High Fraction of the Human Genome to be under Selective Constraint Using GERP++}, volume={6}, ISSN={1553-7358}, url={http://dx.doi.org/10.1371/journal.pcbi.1001025}, DOI={10.1371/journal.pcbi.1001025}, number={12}, journal={PLoS Computational Biology}, publisher={Public Library of Science (PLoS)}, author={Davydov, Eugene V. and Goode, David L. and Sirota, Marina and Cooper, Gregory M. and Sidow, Arend and Batzoglou, Serafim}, editor={Wasserman, Wyeth W.Editor}, year={2010}, month={Dec}, pages={e1001025}}
@article{McCarthy_2008, title={Genome-wide association studies for complex traits: consensus, uncertainty and challenges}, volume={9}, ISSN={1471-0064}, url={http://dx.doi.org/10.1038/nrg2344}, DOI={10.1038/nrg2344}, number={5}, journal={Nature Reviews Genetics}, publisher={Springer Nature}, author={McCarthy, Mark I. and Abecasis, Gonçalo R. and Cardon, Lon R. and Goldstein, David B. and Little, Julian and Ioannidis, John P. A. and Hirschhorn, Joel N.}, year={2008}, month={May}, pages={356–369}}
@article{Cnossen_2014, title={Whole-exome sequencing reveals LRP5 mutations and canonical Wnt signaling associated with hepatic cystogenesis}, volume={111}, ISSN={1091-6490}, url={http://dx.doi.org/10.1073/pnas.1309438111}, DOI={10.1073/pnas.1309438111}, number={14}, journal={Proceedings of the National Academy of Sciences}, publisher={Proceedings of the National Academy of Sciences}, author={Cnossen, W. R. and te Morsche, R. H. M. and Hoischen, A. and Gilissen, C. and Chrispijn, M. and Venselaar, H. and Mehdi, S. and Bergmann, C. and Veltman, J. A. and Drenth, J. P. H.}, year={2014}, month={Mar}, pages={5343–5348}}
@article{Javierre_2016, title={Lineage-Specific Genome Architecture Links Enhancers and Non-coding Disease Variants to Target Gene Promoters}, volume={167}, ISSN={0092-8674}, url={http://dx.doi.org/10.1016/j.cell.2016.09.037}, DOI={10.1016/j.cell.2016.09.037}, number={5}, journal={Cell}, publisher={Elsevier BV}, author={Javierre, Biola M. and Burren, Oliver S. and Wilder, Steven P. and Kreuzhuber, Roman and Hill, Steven M. and Sewitz, Sven and Cairns, Jonathan and Wingett, Steven W. and Várnai, Csilla and Thiecke, Michiel J. and et al.}, year={2016}, month={Nov}, pages={1369–1384.e19}}
@article{Schrijver_2012, title={Opportunities and Challenges Associated with Clinical Diagnostic Genome Sequencing}, volume={14}, ISSN={1525-1578}, url={http://dx.doi.org/10.1016/j.jmoldx.2012.04.006}, DOI={10.1016/j.jmoldx.2012.04.006}, number={6}, journal={The Journal of Molecular Diagnostics}, publisher={Elsevier BV}, author={Schrijver, Iris and Aziz, Nazneen and Farkas, Daniel H. and Furtado, Manohar and Gonzalez, Andrea Ferreira and Greiner, Timothy C. and Grody, Wayne W. and Hambuch, Tina and Kalman, Lisa and Kant, Jeffrey A. and et al.}, year={2012}, month={Nov}, pages={525–540}}
@article{Khurana_2013, title={Interpretation of Genomic Variants Using a Unified Biological Network Approach}, volume={9}, ISSN={1553-7358}, url={http://dx.doi.org/10.1371/journal.pcbi.1002886}, DOI={10.1371/journal.pcbi.1002886}, number={3}, journal={PLoS Computational Biology}, publisher={Public Library of Science (PLoS)}, author={Khurana, Ekta and Fu, Yao and Chen, Jieming and Gerstein, Mark}, editor={Rzhetsky, AndreyEditor}, year={2013}, month={Mar}, pages={e1002886}}
@article{Cooper_2015, title={Parlez-vous VUS?}, volume={25}, ISSN={1549-5469}, url={http://dx.doi.org/10.1101/gr.190116.115}, DOI={10.1101/gr.190116.115}, number={10}, journal={Genome Research}, publisher={Cold Spring Harbor Laboratory Press}, author={Cooper, Gregory M.}, year={2015}, month={Oct}, pages={1423–1426}}
@article{Hsu_2016, title={Inheritance-mode specific pathogenicity prioritization (ISPP) for human protein coding genes}, volume={32}, ISSN={1460-2059}, url={http://dx.doi.org/10.1093/bioinformatics/btw381}, DOI={10.1093/bioinformatics/btw381}, number={20}, journal={Bioinformatics}, publisher={Oxford University Press (OUP)}, author={Hsu, Jacob Shujui and Kwan, Johnny S.H. and Pan, Zhicheng and Garcia-Barcelo, Maria-Mercè and Sham, Pak Chung and Li, Miaoxin}, year={2016}, month={Jun}, pages={3065–3071}}
@article{Wang_2014b, title={Big Data and Clinicians: A Review on the State of the Science}, volume={2}, ISSN={2291-9694}, url={http://dx.doi.org/10.2196/medinform.2913}, DOI={10.2196/medinform.2913}, number={1}, journal={JMIR Medical Informatics}, publisher={JMIR Publications Inc.}, author={Wang, Weiqi and Krishnan, Eswar}, year={2014}, month={Jan}, pages={e1}}
@article{Bowdin_2014, title={The Genome Clinic: A Multidisciplinary Approach to Assessing the Opportunities and Challenges of Integrating Genomic Analysis into Clinical Care}, volume={35}, ISSN={1059-7794}, url={http://dx.doi.org/10.1002/humu.22536}, DOI={10.1002/humu.22536}, number={5}, journal={Human Mutation}, publisher={Wiley-Blackwell}, author={Bowdin, Sarah and Ray, Peter N. and Cohn, Ronald D. and Meyn, M. Stephen}, year={2014}, month={Apr}, pages={513–519}}
@article{Li_2012, title={A comprehensive framework for prioritizing variants in exome sequencing studies of Mendelian diseases}, volume={40}, ISSN={1362-4962}, url={http://dx.doi.org/10.1093/nar/gkr1257}, DOI={10.1093/nar/gkr1257}, number={7}, journal={Nucleic Acids Research}, publisher={Oxford University Press (OUP)}, author={Li, M.-X. and Gui, H.-S. and Kwan, J. S. H. and Bao, S.-Y. and Sham, P. C.}, year={2012}, month={Jan}, pages={e53–e53}}
@article{Thorvaldsdottir_2012, title={Integrative Genomics Viewer (IGV): high-performance genomics data visualization and exploration}, volume={14}, ISSN={1477-4054}, url={http://dx.doi.org/10.1093/bib/bbs017}, DOI={10.1093/bib/bbs017}, number={2}, journal={Briefings in Bioinformatics}, publisher={Oxford University Press (OUP)}, author={Thorvaldsdottir, H. and Robinson, J. T. and Mesirov, J. P.}, year={2012}, month={Apr}, pages={178–192}}
@article{Harper_2015, title={Protective alleles and modifier variants in human health and disease}, volume={16}, ISSN={1471-0064}, url={http://dx.doi.org/10.1038/nrg4017}, DOI={10.1038/nrg4017}, number={12}, journal={Nature Reviews Genetics}, publisher={Springer Nature}, author={Harper, Andrew R. and Nayee, Shalini and Topol, Eric J.}, year={2015}, month={Oct}, pages={689–701}}
@article{Alyass_2015, title={From big data analysis to personalized medicine for all: challenges and opportunities}, volume={8}, ISSN={1755-8794}, url={http://dx.doi.org/10.1186/s12920-015-0108-y}, DOI={10.1186/s12920-015-0108-y}, number={1}, journal={BMC Medical Genomics}, publisher={Springer Nature}, author={Alyass, Akram and Turcotte, Michelle and Meyre, David}, year={2015}, month={Jun}}
@article{Belle_2015, title={Big Data Analytics in Healthcare}, volume={2015}, ISSN={2314-6141}, url={http://dx.doi.org/10.1155/2015/370194}, DOI={10.1155/2015/370194}, journal={BioMed Research International}, publisher={Hindawi Publishing Corporation}, author={Belle, Ashwin and Thiagarajan, Raghuram and Soroushmehr, S. M. Reza and Navidi, Fatemeh and Beard, Daniel A. and Najarian, Kayvan}, year={2015}, pages={1–16}}
@article{Kaletta_2006, title={Finding function in novel targets: C. elegans as a model organism}, volume={5}, ISSN={1474-1784}, url={http://dx.doi.org/10.1038/nrd2031}, DOI={10.1038/nrd2031}, number={5}, journal={Nature Reviews Drug Discovery}, publisher={Springer Nature}, author={Kaletta, Titus and Hengartner, Michael O.}, year={2006}, month={Apr}, pages={387–399}}
@article{Phifer_Rixey_2015, title={ Insights into mammalian biology from the wild house mouse Mus musculus }, volume={4}, ISSN={2050-084X}, url={http://dx.doi.org/10.7554/eLife.05959}, DOI={10.7554/elife.05959}, journal={eLife}, publisher={eLife Sciences Organisation, Ltd.}, author={Phifer-Rixey, Megan and Nachman, Michael W}, year={2015}, month={Apr}}
@article{Lieschke_2007, title={Animal models of human disease: zebrafish swim into view}, volume={8}, ISSN={1471-0064}, url={http://dx.doi.org/10.1038/nrg2091}, DOI={10.1038/nrg2091}, number={5}, journal={Nature Reviews Genetics}, publisher={Springer Nature}, author={Lieschke, Graham J. and Currie, Peter D.}, year={2007}, month={May}, pages={353–367}}
@article{Codd_1970, title={A relational model of data for large shared data banks}, volume={13}, ISSN={0001-0782}, url={http://dx.doi.org/10.1145/362384.362685}, DOI={10.1145/362384.362685}, number={6}, journal={Communications of the ACM}, publisher={Association for Computing Machinery (ACM)}, author={Codd, E. F.}, year={1970}, month={Jun}, pages={377–387}}
@article{Ison_2015, title={Tools and data services registry: a community effort to document bioinformatics resources}, volume={44}, ISSN={1362-4962}, url={http://dx.doi.org/10.1093/nar/gkv1116}, DOI={10.1093/nar/gkv1116}, number={D1}, journal={Nucleic Acids Research}, publisher={Oxford University Press (OUP)}, author={Ison, Jon and Rapacki, Kristoffer and Ménager, Hervé and Kalaš, Matúš and Rydza, Emil and Chmura, Piotr and Anthon, Christian and Beard, Niall and Berka, Karel and Bolser, Dan and et al.}, year={2015}, month={Nov}, pages={D38–D47}}
@article{Rosenbaum_2017, title={Bridging the Data-Sharing Divide — Seeing the Devil in the Details, Not the Other Camp}, ISSN={1533-4406}, url={http://dx.doi.org/10.1056/NEJMp1704482}, DOI={10.1056/nejmp1704482}, journal={New England Journal of Medicine}, publisher={New England Journal of Medicine (NEJM/MMS)}, author={Rosenbaum, Lisa}, year={2017}, month={Apr}}
@article{Byelas_2013, title={Scaling bio-analyses from computational clusters to grids}, author={Byelas, H. and Dijkstra, M. and Neerincx, P. and van Dijk, F. and Kanterakis, A. and Deelen, P. and Swertz, M.}, journal={Proceedings of the 5th International Workshop on Science Gateways, Zurich, Switzerland}, year={2013}}
@article{Ison_2013, title={EDAM: an ontology of bioinformatics operations, types of data and identifiers, topics and formats}, volume={29}, ISSN={1460-2059}, url={http://dx.doi.org/10.1093/bioinformatics/btt113}, DOI={10.1093/bioinformatics/btt113}, number={10}, journal={Bioinformatics}, publisher={Oxford University Press (OUP)}, author={Ison, J. and Kalas, M. and Jonassen, I. and Bolser, D. and Uludag, M. and McWilliam, H. and Malone, J. and Lopez, R. and Pettifer, S. and Rice, P.}, year={2013}, month={Mar}, pages={1325–1332}}
@article{xgap_miqas, author={MIQAS - Minimum Information for QTLs and Association Studies.}, title={Available: http://miqas.sourceforge.net/}, journal={URL}, year={2010}}
@article{xgap_pubchem, author={The PubChem Project.}, title={Available: http://pubchem.ncbi.nlm.nih.gov/}, journal={URL}, year={2010}}
@article{xgap_datasets, author={XGAP data sets.}, title={Available: http://www.xgap.org/wiki/DataSets}, journal={URL}, year={2010}}
@article{xgap_url, author={XGAP - eXtensible Genotype And Phenotype platform.}, title={Available: http://www.xgap.org}, journal={URL}, year={2010}}
@article{xgap_taverna, author={Taverna Workbench.}, title={Available: http://taverna.sourceforge.net}, journal={URL}, year={2010}}
@article{xgap_pageom, author={PAGE-OM - The Phenotype And Genotype Object Model.}, title={Available: http://www.pageom.org/}, journal={URL}, year={2010}}
@article{xgap_gen2phen, author={GEN2PHEN - EU consortium to unify human Genotype-To-Phenotype databases.}, title={Available: http://www.gen2phen.org}, journal={URL}, year={2010}}
@article{xgap_molgenurl, author={MOLGENIS flexible biosoftware generation toolkit.}, title={Available: http://www.molgenis.org}, journal={URL}, year={2010}}
@article{xgap_omixed, author={Omixed.}, title={Available: http://www.omixed.org/}, journal={URL}, year={2010}}
@article{xgap_andromda, author={AndroMDA.}, title={Available: http://www.andromda.org/}, journal={URL}, year={2010}}
@article{xgap_ror, author={Ruby on Rails.}, title={Available: http://www.rubyonrails.org}, journal={URL}, year={2010}}
@article{xgap_fuge, author={FuGE - Functional Genomics Experiment model.}, title={Available: http://fuge.sourceforge.net}, journal={URL}, year={2010}}
@article{xgap_eclipse, author={Eclipse Integrated Software Development platform.}, title={Available: http://www.eclipse.org}, journal={URL}, year={2010}}
@article{xgap_casimir, author={CASIMIR - EU consortium for Coordination and Sustainability of International Mouse Informatics Resources.}, title={Available: http://www.casimir.org.uk}, journal={URL}, year={2010}}
@article{xgap_tair, author={TAIR - The Arabidopsis Information Resource.}, title={Available: http://www.Arabidopsis.org}, journal={URL}, year={2010}}
@article{Li_2008, title={Generalizing genetical genomics: getting added value from environmental perturbation}, volume={24}, ISSN={0168-9525}, url={http://dx.doi.org/10.1016/j.tig.2008.08.001}, DOI={10.1016/j.tig.2008.08.001}, number={10}, journal={Trends in Genetics}, publisher={Elsevier BV}, author={Li, Yang and Breitling, Rainer and Jansen, Ritsert C.}, year={2008}, month={Oct}, pages={518–524}}
@article{Jansen_2001, title={Genetical genomics: the added value from segregation}, volume={17}, ISSN={0168-9525}, url={http://dx.doi.org/10.1016/s0168-9525(01)02310-1}, DOI={10.1016/s0168-9525(01)02310-1}, number={7}, journal={Trends in Genetics}, publisher={Elsevier BV}, author={Jansen, R}, year={2001}, month={Jul}, pages={388–391}}
@article{Li_2005, title={Genetical genomics: combining genetics with gene expression analysis}, volume={14}, ISSN={1460-2083}, url={http://dx.doi.org/10.1093/hmg/ddi267}, DOI={10.1093/hmg/ddi267}, number={suppl-2}, journal={Human Molecular Genetics}, publisher={Oxford University Press (OUP)}, author={Li, J.}, year={2005}, month={Oct}, pages={R163–R169}}
@article{Editorial_2007, author={Editorial}, title={Pinpointing expression differences}, volume={39}, ISSN={1061-4036}, url={http://dx.doi.org/10.1038/ng1007-1175}, DOI={10.1038/ng1007-1175}, number={10}, journal={Nature Genetics}, publisher={Springer Nature}, year={2007}, month={Sep}}
@article{G_ring_2007, title={Discovery of expression QTLs using large-scale transcriptional profiling in human lymphocytes}, volume={39}, ISSN={1061-4036}, url={http://dx.doi.org/10.1038/ng2119}, DOI={10.1038/ng2119}, number={10}, journal={Nature Genetics}, publisher={Springer Nature}, author={Göring, Harald H H and Curran, Joanne E and Johnson, Matthew P and Dyer, Thomas D and Charlesworth, Jac and Cole, Shelley A and Jowett, Jeremy B M and Abraham, Lawrence J and Rainwater, David L and Comuzzie, Anthony G and et al.}, year={2007}, month={Sep}, pages={1208–1216}}
@article{Dixon_2007, title={A genome-wide association study of global gene expression}, volume={39}, ISSN={1061-4036}, url={http://dx.doi.org/10.1038/ng2109}, DOI={10.1038/ng2109}, number={10}, journal={Nature Genetics}, publisher={Springer Nature}, author={Dixon, Anna L and Liang, Liming and Moffatt, Miriam F and Chen, Wei and Heath, Simon and Wong, Kenny C C and Taylor, Jenny and Burnett, Edward and Gut, Ivo and Farrall, Martin and et al.}, year={2007}, month={Sep}, pages={1202–1207}}
@article{Stranger_2007a, title={Population genomics of human gene expression}, volume={39}, ISSN={1061-4036}, url={http://dx.doi.org/10.1038/ng2142}, DOI={10.1038/ng2142}, number={10}, journal={Nature Genetics}, publisher={Springer Nature}, author={Stranger, Barbara E and Nica, Alexandra C and Forrest, Matthew S and Dimas, Antigone and Bird, Christine P and Beazley, Claude and Ingle, Catherine E and Dunning, Mark and Flicek, Paul and Koller, Daphne and et al.}, year={2007}, month={Sep}, pages={1217–1224}}
@article{Heap_2009, title={Complex nature of SNP genotype effects on gene expression in primary human leucocytes}, volume={2}, ISSN={1755-8794}, url={http://dx.doi.org/10.1186/1755-8794-2-1}, DOI={10.1186/1755-8794-2-1}, number={1}, journal={BMC Medical Genomics}, publisher={Springer Nature}, author={Heap, Graham A and Trynka, Gosia and Jansen, Ritsert C and Bruinenberg, Marcel and Swertz, Morris A and Dinesen, Lotte C and Hunt, Karen A and Wijmenga, Cisca and vanHeel, David A and Franke, Lude}, year={2009}, month={Jan}}
@article{Brem_2002, title={Genetic Dissection of Transcriptional Regulation in Budding Yeast}, volume={296}, ISSN={1095-9203}, url={http://dx.doi.org/10.1126/science.1069516}, DOI={10.1126/science.1069516}, number={5568}, journal={Science}, publisher={American Association for the Advancement of Science (AAAS)}, author={Brem, R. B.}, year={2002}, month={Mar}, pages={752–755}}
@article{Foss_2007, title={Genetic basis of proteome variation in yeast}, volume={39}, ISSN={1061-4036}, url={http://dx.doi.org/10.1038/ng.2007.22}, DOI={10.1038/ng.2007.22}, number={11}, journal={Nature Genetics}, publisher={Springer Nature}, author={Foss, Eric J and Radulovic, Dragan and Shaffer, Scott A and Ruderfer, Douglas M and Bedalov, Antonio and Goodlett, David R and Kruglyak, Leonid}, year={2007}, month={Oct}, pages={1369–1375}}
@article{Bystrykh_2005, title={Uncovering regulatory pathways that affect hematopoietic stem cell function using “genetical genomics”}, volume={37}, ISSN={1061-4036}, url={http://dx.doi.org/10.1038/ng1497}, DOI={10.1038/ng1497}, number={3}, journal={Nature Genetics}, publisher={Springer Nature}, author={Bystrykh, Leonid and Weersing, Ellen and Dontje, Bert and Sutton, Sue and Pletcher, Mathew T and Wiltshire, Tim and Su, Andrew I and Vellenga, Edo and Wang, Jintao and Manly, Kenneth F and et al.}, year={2005}, month={Feb}, pages={225–232}}
@article{Hubner_2005, title={Integrated transcriptional profiling and linkage analysis for identification of genes underlying disease}, volume={37}, ISSN={1061-4036}, url={http://dx.doi.org/10.1038/ng1522}, DOI={10.1038/ng1522}, number={3}, journal={Nature Genetics}, publisher={Springer Nature}, author={Hubner, Norbert and Wallace, Caroline A and Zimdahl, Heike and Petretto, Enrico and Schulz, Herbert and Maciver, Fiona and Mueller, Michael and Hummel, Oliver and Monti, Jan and Zidek, Vaclav and et al.}, year={2005}, month={Feb}, pages={243–253}}
@article{Keurentjes_2006, title={The genetics of plant metabolism}, volume={38}, ISSN={1061-4036}, url={http://dx.doi.org/10.1038/ng1815}, DOI={10.1038/ng1815}, number={7}, journal={Nature Genetics}, publisher={Springer Nature}, author={Keurentjes, Joost J B and Fu, Jingyuan and de Vos, C H Ric and Lommen, Arjen and Hall, Robert D and Bino, Raoul J and van der Plas, Linus H W and Jansen, Ritsert C and Vreugdenhil, Dick and Koornneef, Maarten}, year={2006}, month={Jun}, pages={842–849}}
@article{Fu_2009, title={System-wide molecular evidence for phenotypic buffering in Arabidopsis}, volume={41}, ISSN={1061-4036}, url={http://dx.doi.org/10.1038/ng.308}, DOI={10.1038/ng.308}, number={2}, journal={Nature Genetics}, publisher={Springer Nature}, author={Fu, Jingyuan and Keurentjes, Joost J B and Bouwmeester, Harro and America, Twan and Verstappen, Francel W A and Ward, Jane L and Beale, Michael H and de Vos, Ric C H and Dijkstra, Martijn and Scheltema, Richard A and et al.}, year={2009}, month={Jan}, pages={166–167}}
@article{Stein_2008, title={Towards a cyberinfrastructure for the biological sciences: progress, visions and challenges}, volume={9}, ISSN={1471-0064}, url={http://dx.doi.org/10.1038/nrg2414}, DOI={10.1038/nrg2414}, number={9}, journal={Nature Reviews Genetics}, publisher={Springer Nature}, author={Stein, Lincoln D.}, year={2008}, month={Sep}, pages={678–688}}
@article{Fay_2008, title={Classical genetics goes high-tech}, volume={5}, ISSN={1548-7105}, url={http://dx.doi.org/10.1038/nmeth1008-863}, DOI={10.1038/nmeth1008-863}, number={10}, journal={Nature Methods}, publisher={Springer Nature}, author={Fay, David S}, year={2008}, month={Oct}, pages={863–864}}
@article{Ihaka_1996, title={R: A Language for Data Analysis and Graphics}, volume={5}, ISSN={1537-2715}, url={http://dx.doi.org/10.1080/10618600.1996.10474713}, DOI={10.1080/10618600.1996.10474713}, number={3}, journal={Journal of Computational and Graphical Statistics}, publisher={Informa UK Limited}, author={Ihaka, Ross and Gentleman, Robert}, year={1996}, month={Sep}, pages={299–314}}
@article{Carey_2006, title={GGtools: analysis of genetics of gene expression in bioconductor}, volume={23}, ISSN={1460-2059}, url={http://dx.doi.org/10.1093/bioinformatics/btl628}, DOI={10.1093/bioinformatics/btl628}, number={4}, journal={Bioinformatics}, publisher={Oxford University Press (OUP)}, author={Carey, V. J. and Morgan, M. and Falcon, S. and Lazarus, R. and Gentleman, R.}, year={2006}, month={Dec}, pages={522–523}}
@article{Alberts_2007, title={affyGG: computational protocols for genetical genomics with Affymetrix arrays}, volume={24}, ISSN={1460-2059}, url={http://dx.doi.org/10.1093/bioinformatics/btm614}, DOI={10.1093/bioinformatics/btm614}, number={3}, journal={Bioinformatics}, publisher={Oxford University Press (OUP)}, author={Alberts, R. and Vera, G. and Jansen, R. C.}, year={2007}, month={Dec}, pages={433–434}}
@article{Fu_2007, title={MetaNetwork: a computational protocol for the genetic study of metabolic networks}, volume={2}, ISSN={1750-2799}, url={http://dx.doi.org/10.1038/nprot.2007.96}, DOI={10.1038/nprot.2007.96}, number={3}, journal={Nature Protocols}, publisher={Springer Nature}, author={Fu, Jingyuan and Swertz, Morris A and Keurentjes, Joost JB and Jansen, Ritsert C}, year={2007}, month={Mar}, pages={685–694}}
@article{Bhave_2007, title={The PhenoGen Informatics website: tools for analyses of complex traits}, volume={8}, ISSN={1471-2156}, url={http://dx.doi.org/10.1186/1471-2156-8-59}, DOI={10.1186/1471-2156-8-59}, number={1}, journal={BMC Genetics}, publisher={Springer Nature}, author={Bhave, Sanjiv V and Hornbaker, Cheryl and Phang, Tzu L and Saba, Laura and Lapadat, Razvan and Kechris, Katherina and Gaydos, Jeanette and McGoldrick, Daniel and Dolbey, Andrew and Leach, Sonia and et al.}, year={2007}, pages={59}}
@article{Smedley_2008, title={Solutions for data integration in functional genomics: a critical assessment and case study}, volume={9}, ISSN={1477-4054}, url={http://dx.doi.org/10.1093/bib/bbn040}, DOI={10.1093/bib/bbn040}, number={6}, journal={Briefings in Bioinformatics}, publisher={Oxford University Press (OUP)}, author={Smedley, D. and Swertz, M. A. and Wolstencroft, K. and Proctor, G. and Zouberakis, M. and Bard, J. and Hancock, J. M. and Schofield, P.}, year={2008}, month={Jul}, pages={532–544}}
@article{Mungall_2007, title={A Chado case study: an ontology-based modular schema for representing genome-associated biological information}, volume={23}, ISSN={1460-2059}, url={http://dx.doi.org/10.1093/bioinformatics/btm189}, DOI={10.1093/bioinformatics/btm189}, number={13}, journal={Bioinformatics}, publisher={Oxford University Press (OUP)}, author={Mungall, C. J. and Emmert, D. B.}, year={2007}, month={Jul}, pages={i337–i346}}
@article{Stein_2002, title={The Generic Genome Browser: A Building Block for a Model Organism System Database}, volume={12}, ISSN={1088-9051}, url={http://dx.doi.org/10.1101/gr.403602}, DOI={10.1101/gr.403602}, number={10}, journal={Genome Research}, publisher={Cold Spring Harbor Laboratory Press}, author={Stein, L. D.}, year={2002}, month={Oct}, pages={1599–1610}}
@article{Gentleman_2004, volume={5}, ISSN={1465-6906}, url={http://dx.doi.org/10.1186/gb-2004-5-10-r80}, DOI={10.1186/gb-2004-5-10-r80}, number={10}, journal={Genome Biology}, publisher={Springer Nature}, author={Gentleman, Robert C and Carey, Vincent J and Bates, Douglas M and Bolstad, Ben and Dettling, Marcel and Dudoit, Sandrine and Ellis, Byron and Gautier, Laurent and Ge, Yongchao and Gentry, Jeff and et al.}, year={2004}, pages={R80}}
@article{Brazma_2006, title={Standards for systems biology}, volume={7}, ISSN={1471-0064}, url={http://dx.doi.org/10.1038/nrg1922}, DOI={10.1038/nrg1922}, number={8}, journal={Nature Reviews Genetics}, publisher={Springer Nature}, author={Brazma, Alvis and Krestyaninova, Maria and Sarkans, Ugis}, year={2006}, month={Aug}, pages={593–605}}
@article{Saal_2002, volume={3}, ISSN={1465-6906}, url={http://dx.doi.org/10.1186/gb-2002-3-8-software0003}, DOI={10.1186/gb-2002-3-8-software0003}, number={8}, journal={Genome Biology}, publisher={Springer Nature}, author={Saal, Lao H and Troein, Carl and Vallon-Christersson, Johan and Gruvberger, Sofia and Borg, Åke and Peterson, Carsten}, year={2002}, pages={software0003.1}}
@article{Galperin_2009, title={Nucleic Acids Research annual Database Issue and the NAR online Molecular Biology Database Collection in 2009}, volume={37}, ISSN={1362-4962}, url={http://dx.doi.org/10.1093/nar/gkn942}, DOI={10.1093/nar/gkn942}, number={Database}, journal={Nucleic Acids Research}, publisher={Oxford University Press (OUP)}, author={Galperin, M. Y. and Cochrane, G. R.}, year={2009}, month={Jan}, pages={D1–D4}}
@article{Chesler_2005, title={Complex trait analysis of gene expression uncovers polygenic and pleiotropic networks that modulate nervous system function}, volume={37}, ISSN={1061-4036}, url={http://dx.doi.org/10.1038/ng1518}, DOI={10.1038/ng1518}, number={3}, journal={Nature Genetics}, publisher={Springer Nature}, author={Chesler, Elissa J and Lu, Lu and Shou, Siming and Qu, Yanhua and Gu, Jing and Wang, Jintao and Hsu, Hui Chen and Mountz, John D and Baldwin, Nicole E and Langston, Michael A and et al.}, year={2005}, month={Feb}, pages={233–242}}
@article{Thorisson_2009b, title={Genotype–phenotype databases: challenges and solutions for the post-genomic era}, volume={10}, ISSN={1471-0064}, url={http://dx.doi.org/10.1038/nrg2483}, DOI={10.1038/nrg2483}, number={1}, journal={Nature Reviews Genetics}, publisher={Springer Nature}, author={Thorisson, Gudmundur A. and Muilu, Juha and Brookes, Anthony J.}, year={2009}, month={Jan}, pages={9–18}}
@article{Zeng_2007, title={PlantQTL-GE: a database system for identifying candidate genes in rice and Arabidopsis by gene expression and QTL information}, volume={35}, ISSN={1362-4962}, url={http://dx.doi.org/10.1093/nar/gkl814}, DOI={10.1093/nar/gkl814}, number={Database}, journal={Nucleic Acids Research}, publisher={Oxford University Press (OUP)}, author={Zeng, H. and Luo, L. and Zhang, W. and Zhou, J. and Li, Z. and Liu, H. and Zhu, T. and Feng, X. and Zhong, Y.}, year={2007}, month={Jan}, pages={D879–D882}}
@article{Hu_2007, title={AnimalQTLdb: a livestock QTL database tool set for positional QTL information mining and beyond}, volume={35}, ISSN={1362-4962}, url={http://dx.doi.org/10.1093/nar/gkl946}, DOI={10.1093/nar/gkl946}, number={Database}, journal={Nucleic Acids Research}, publisher={Oxford University Press (OUP)}, author={Hu, Z.-L. and Fritz, E. R. and Reecy, J. M.}, year={2007}, month={Jan}, pages={D604–D609}}
@article{Jones_2007, title={The Functional Genomics Experiment model (FuGE): an extensible framework for standards in functional genomics}, volume={25}, ISSN={1087-0156}, url={http://dx.doi.org/10.1038/nbt1347}, DOI={10.1038/nbt1347}, number={10}, journal={Nature Biotechnology}, publisher={Springer Nature}, author={Jones, Andrew R and Miller, Michael and Aebersold, Ruedi and Apweiler, Rolf and Ball, Catherine A and Brazma, Alvis and DeGreef, James and Hardy, Nigel and Hermjakob, Henning and Hubbard, Simon J and et al.}, year={2007}, month={Oct}, pages={1127–1133}}
@article{Smith_2007, title={The OBO Foundry: coordinated evolution of ontologies to support biomedical data integration}, volume={25}, ISSN={1087-0156}, url={http://dx.doi.org/10.1038/nbt1346}, DOI={10.1038/nbt1346}, number={11}, journal={Nature Biotechnology}, publisher={Springer Nature}, author={Smith, Barry and Ashburner, Michael and Rosse, Cornelius and Bard, Jonathan and Bug, William and Ceusters, Werner and Goldberg, Louis J and Eilbeck, Karen and Ireland, Amelia and Mungall, Christopher J and et al.}, year={2007}, month={Nov}, pages={1251–1255}}
@article{Brown_2005, title={EMPReSS: standardized phenotype screens for functional annotation of the mouse genome}, volume={37}, ISSN={1061-4036}, url={http://dx.doi.org/10.1038/ng1105-1155}, DOI={10.1038/ng1105-1155}, number={11}, journal={Nature Genetics}, publisher={Springer Nature}, author={Brown, S.D.M. and Chambon, P. and de Angelis, M. Hrabé}, year={2005}, month={Nov}, pages={1155–1155}}
@article{Taylor_2008, title={Promoting coherent minimum reporting guidelines for biological and biomedical investigations: the MIBBI project}, volume={26}, ISSN={1087-0156}, url={http://dx.doi.org/10.1038/nbt.1411}, DOI={10.1038/nbt.1411}, number={8}, journal={Nature Biotechnology}, publisher={Springer Nature}, author={Taylor, Chris F and Field, Dawn and Sansone, Susanna-Assunta and Aerts, Jan and Apweiler, Rolf and Ashburner, Michael and Ball, Catherine A and Binz, Pierre-Alain and Bogue, Molly and Booth, Tim and et al.}, year={2008}, month={Aug}, pages={889–896}}
@article{Irizarry_2003, title={Exploration, normalization, and summaries of high density oligonucleotide array probe level data}, volume={4}, ISSN={1468-4357}, url={http://dx.doi.org/10.1093/biostatistics/4.2.249}, DOI={10.1093/biostatistics/4.2.249}, number={2}, journal={Biostatistics}, publisher={Oxford University Press (OUP)}, author={Irizarry, R. A.}, year={2003}, month={Apr}, pages={249–264}}
@article{Jones_2005, volume={6}, ISSN={1471-2105}, url={http://dx.doi.org/10.1186/1471-2105-6-235}, DOI={10.1186/1471-2105-6-235}, number={1}, journal={BMC Bioinformatics}, publisher={Springer Nature}, author={Jones, Andrew R and Paton, Norman W}, year={2005}, pages={235}}
@article{Rayner_2006, volume={7}, ISSN={1471-2105}, url={http://dx.doi.org/10.1186/1471-2105-7-489}, DOI={10.1186/1471-2105-7-489}, number={1}, journal={BMC Bioinformatics}, publisher={Springer Nature}, author={Rayner, Tim F and Rocca-Serra, Philippe and Spellman, Paul T and Causton, Helen C and Farne, Anna and Holloway, Ele and Irizarry, Rafael A and Liu, Junmin and Maier, Donald S and Miller, Michael and et al.}, year={2006}, pages={489}}
@article{Peters_2005, title={The Immune Epitope Database and Analysis Resource: From Vision to Blueprint}, volume={3}, ISSN={1545-7885}, url={http://dx.doi.org/10.1371/journal.pbio.0030091}, DOI={10.1371/journal.pbio.0030091}, number={3}, journal={PLoS Biology}, publisher={Public Library of Science (PLoS)}, author={Peters, Bjoern and Sidney, John and Bourne, Phil and Bui, Huynh-Hoa and Buus, Soeren and Doh, Grace and Fleri, Ward and Kronenberg, Mitch and Kubo, Ralph and Lund, Ole and et al.}, year={2005}, month={Mar}, pages={e91}}
@article{Stranger_2007b, title={Relative Impact of Nucleotide and Copy Number Variation on Gene Expression Phenotypes}, volume={315}, ISSN={1095-9203}, url={http://dx.doi.org/10.1126/science.1136678}, DOI={10.1126/science.1136678}, number={5813}, journal={Science}, publisher={American Association for the Advancement of Science (AAAS)}, author={Stranger, B. E. and Forrest, M. S. and Dunning, M. and Ingle, C. E. and Beazley, C. and Thorne, N. and Redon, R. and Bird, C. P. and de Grassi, A. and Lee, C. and et al.}, year={2007}, month={Feb}, pages={848–853}}
@article{Myers_2007, title={A survey of genetic human cortical gene expression}, volume={39}, ISSN={1061-4036}, url={http://dx.doi.org/10.1038/ng.2007.16}, DOI={10.1038/ng.2007.16}, number={12}, journal={Nature Genetics}, publisher={Springer Nature}, author={Myers, Amanda J and Gibbs, J Raphael and Webster, Jennifer A and Rohrer, Kristen and Zhao, Alice and Marlowe, Lauren and Kaleem, Mona and Leung, Doris and Bryden, Leslie and Nath, Priti and et al.}, year={2007}, month={Nov}, pages={1494–1499}}
@article{Hull_2006, title={Taverna: a tool for building and running workflows of services}, volume={34}, ISSN={1362-4962}, url={http://dx.doi.org/10.1093/nar/gkl320}, DOI={10.1093/nar/gkl320}, number={Web Server}, journal={Nucleic Acids Research}, publisher={Oxford University Press (OUP)}, author={Hull, D. and Wolstencroft, K. and Stevens, R. and Goble, C. and Pocock, M. R. and Li, P. and Oinn, T.}, year={2006}, month={Jul}, pages={W729–W732}}
@article{Bailey_2008, title={Identification of quantitative trait loci for locomotor activation and anxiety using closely related inbred strains}, volume={7}, ISSN={1601-183X}, url={http://dx.doi.org/10.1111/j.1601-183X.2008.00415.x}, DOI={10.1111/j.1601-183x.2008.00415.x}, number={7}, journal={Genes, Brain and Behavior}, publisher={Wiley-Blackwell}, author={Bailey, J. S. and Grabowski-Boase, L. and Steffy, B. M. and Wiltshire, T. and Churchill, G. A. and Tarantino, L. M.}, year={2008}, month={Oct}, pages={761–769}}
@article{Beamer_1999, title={Quantitative trait loci for bone density in C57BL/6J and CAST/EiJ inbred mice}, volume={10}, ISSN={1432-1777}, url={http://dx.doi.org/10.1007/s003359901159}, DOI={10.1007/s003359901159}, number={11}, journal={Mammalian Genome}, publisher={Springer Nature}, author={Beamer, Wesley G.}, year={1999}, month={Nov}, pages={1043–1049}}
@article{Smedley_2009, title={BioMart – biological queries made easy}, volume={10}, ISSN={1471-2164}, url={http://dx.doi.org/10.1186/1471-2164-10-22}, DOI={10.1186/1471-2164-10-22}, number={1}, journal={BMC Genomics}, publisher={Springer Nature}, author={Smedley, Damian and Haider, Syed and Ballester, Benoit and Holland, Richard and London, Darin and Thorisson, Gudmundur and Kasprzyk, Arek}, year={2009}, pages={22}}
@article{Lyne_2007, title={FlyMine: an integrated database for Drosophila and Anopheles genomics}, volume={8}, ISSN={1465-6906}, url={http://dx.doi.org/10.1186/gb-2007-8-7-r129}, DOI={10.1186/gb-2007-8-7-r129}, number={7}, journal={Genome Biology}, publisher={Springer Nature}, author={Lyne, Rachel and Smith, Richard and Rutherford, Kim and Wakeling, Matthew and Varley, Andrew and Guillier, Francois and Janssens, Hilde and Ji, Wenyan and Mclaren, Peter and North, Philip and et al.}, year={2007}, pages={R129}}
@article{Jameson_2008, title={Data capture in bioinformatics: requirements and experiences with Pedro}, volume={9}, ISSN={1471-2105}, url={http://dx.doi.org/10.1186/1471-2105-9-183}, DOI={10.1186/1471-2105-9-183}, number={1}, journal={BMC Bioinformatics}, publisher={Springer Nature}, author={Jameson, Daniel and Garwood, Kevin and Garwood, Chris and Booth, Tim and Alper, Pinar and Oliver, Stephen G and Paton, Norman W}, year={2008}, pages={183}}
@article{O_Connor_2008, title={GMODWeb: a web framework for the generic model organism database}, volume={9}, ISSN={1465-6906}, url={http://dx.doi.org/10.1186/gb-2008-9-6-r102}, DOI={10.1186/gb-2008-9-6-r102}, number={6}, journal={Genome Biology}, publisher={Springer Nature}, author={O’Connor, Brian D and Day, Allen and Cain, Scott and Arnaiz, Olivier and Sperling, Linda and Stein, Lincoln D}, year={2008}, pages={R102}}
@article{Pagel_2004, title={The MIPS mammalian protein-protein interaction database}, volume={21}, ISSN={1460-2059}, url={http://dx.doi.org/10.1093/bioinformatics/bti115}, DOI={10.1093/bioinformatics/bti115}, number={6}, journal={Bioinformatics}, publisher={Oxford University Press (OUP)}, author={Pagel, P. and Kovac, S. and Oesterheld, M. and Brauner, B. and Dunger-Kaltenbach, I. and Frishman, G. and Montrone, C. and Mark, P. and Stumpflen, V. and Mewes, H.-W. and et al.}, year={2004}, month={Nov}, pages={832–834}}
@article{Zeeberg_2004, volume={5}, ISSN={1471-2105}, url={http://dx.doi.org/10.1186/1471-2105-5-80}, DOI={10.1186/1471-2105-5-80}, number={1}, journal={BMC Bioinformatics}, publisher={Springer Nature}, author={Zeeberg, Barry R and Riss, Joseph and Kane, David W and Bussey, Kimberly J and Uchio, Edward and Linehan, W Marston and Barrett, J Carl and Weinstein, John N}, year={2004}, pages={80}}
@article{Gaye_2014, title={DataSHIELD: taking the analysis to the data, not the data to the analysis}, volume={43}, ISSN={1464-3685}, url={http://dx.doi.org/10.1093/ije/dyu188}, DOI={10.1093/ije/dyu188}, number={6}, journal={International Journal of Epidemiology}, publisher={Oxford University Press (OUP)}, author={Gaye, A. and Marcon, Y. and Isaeva, J. and LaFlamme, P. and Turner, A. and Jones, E. M. and Minion, J. and Boyd, A. W. and Newby, C. J. and Nuotio, M.-L. and et al.}, year={2014}, month={Sep}, pages={1929–1944}}
@article{Jochems_2016, title={Distributed learning: Developing a predictive model based on data from multiple hospitals without data leaving the hospital – A real life proof of concept}, volume={121}, ISSN={0167-8140}, url={http://dx.doi.org/10.1016/j.radonc.2016.10.002}, DOI={10.1016/j.radonc.2016.10.002}, number={3}, journal={Radiotherapy and Oncology}, publisher={Elsevier BV}, author={Jochems, Arthur and Deist, Timo M. and van Soest, Johan and Eble, Michael and Bulens, Paul and Coucke, Philippe and Dries, Wim and Lambin, Philippe and Dekker, Andre}, year={2016}, month={Dec}, pages={459–467}}
@article{Adamusiak_2012, title={Observ-OM and Observ-TAB: Universal syntax solutions for the integration, search, and exchange of phenotype and genotype information}, volume={33}, ISSN={1059-7794}, url={http://dx.doi.org/10.1002/humu.22070}, DOI={10.1002/humu.22070}, number={5}, journal={Human Mutation}, publisher={Wiley-Blackwell}, author={Adamusiak, Tomasz and Parkinson, Helen and Muilu, Juha and Roos, Erik and van der Velde, Kasper Joeri and Thorisson, Gudmundur A. and Byrne, Myles and Pang, Chao and Gollapudi, Sirisha and Ferretti, Vincent and et al.}, year={2012}, month={Apr}, pages={867–873}}
@article{Litton_2017, title={We must urgently clarify data-sharing rules}, volume={541}, ISSN={1476-4687}, url={http://dx.doi.org/10.1038/541437a}, DOI={10.1038/541437a}, number={7638}, journal={Nature}, publisher={Springer Nature}, author={Litton, Jan-Eric}, year={2017}, month={Jan}, pages={437–437}}
@article{Eilbeck_2005, volume={6}, ISSN={1465-6906}, url={http://dx.doi.org/10.1186/gb-2005-6-5-r44}, DOI={10.1186/gb-2005-6-5-r44}, number={5}, journal={Genome Biology}, publisher={Springer Nature}, author={Eilbeck, Karen and Lewis, Suzanna E and Mungall, Christopher J and Yandell, Mark and Stein, Lincoln and Durbin, Richard and Ashburner, Michael}, year={2005}, pages={R44}}
@article{natedit_2015, title={Data overprotection}, volume={522}, ISSN={1476-4687}, url={http://dx.doi.org/10.1038/522391b}, DOI={10.1038/522391b}, number={7557}, journal={Nature}, publisher={Springer Nature}, year={2015}, month={Jun}, pages={391–392}}
@article{Seligsohn1223, author={Seligsohn, U}, title={High gene frequency of factor XI (PTA) deficiency in Ashkenazi Jews}, volume={51}, number={6}, pages={1223--1228}, year={1978}, publisher={American Society of Hematology}, issn={0006-4971}, URL={http://www.bloodjournal.org/content/51/6/1223}, eprint={http://www.bloodjournal.org/content/51/6/1223.full.pdf}, journal={Blood}}
@article{Ashburner_2000, title={Gene Ontology: tool for the unification of biology}, volume={25}, ISSN={1061-4036}, url={http://dx.doi.org/10.1038/75556}, DOI={10.1038/75556}, number={1}, journal={Nature Genetics}, publisher={Springer Nature}, author={Ashburner, Michael and Ball, Catherine A. and Blake, Judith A. and Botstein, David and Butler, Heather and Cherry, J. Michael and Davis, Allan P. and Dolinski, Kara and Dwight, Selina S. and Eppig, Janan T. and et al.}, year={2000}, month={May}, pages={25–29}}
@article{Chen_2016, title={Analysis of 589,306 genomes identifies individuals resilient to severe Mendelian childhood diseases}, volume={34}, ISSN={1546-1696}, url={http://dx.doi.org/10.1038/nbt.3514}, DOI={10.1038/nbt.3514}, number={5}, journal={Nature Biotechnology}, publisher={Springer Nature}, author={Chen, Rong and Shi, Lisong and Hakenberg, Jörg and Naughton, Brian and Sklar, Pamela and Zhang, Jianguo and Zhou, Hanlin and Tian, Lifeng and Prakash, Om and Lemire, Mathieu and et al.}, year={2016}, month={Apr}, pages={531–538}}
@article{Peters_2017, title={A functional genomics predictive network model identifies regulators of inflammatory bowel disease}, volume={49}, ISSN={1546-1718}, url={http://dx.doi.org/10.1038/ng.3947}, DOI={10.1038/ng.3947}, number={10}, journal={Nature Genetics}, publisher={Springer Nature}, author={Peters, Lauren A and Perrigoue, Jacqueline and Mortha, Arthur and Iuga, Alina and Song, Won-min and Neiman, Eric M and Llewellyn, Sean R and Di Narzo, Antonio and Kidd, Brian A and Telesco, Shannon E and et al.}, year={2017}, month={Sep}, pages={1437–1449}}
@article{Price_2017, title={A wellness study of 108 individuals using personal, dense, dynamic data clouds}, volume={35}, ISSN={1546-1696}, url={http://dx.doi.org/10.1038/nbt.3870}, DOI={10.1038/nbt.3870}, number={8}, journal={Nature Biotechnology}, publisher={Springer Nature}, author={Price, Nathan D and Magis, Andrew T and Earls, John C and Glusman, Gustavo and Levy, Roie and Lausted, Christopher and McDonald, Daniel T and Kusebauch, Ulrike and Moss, Christopher L and Zhou, Yong and et al.}, year={2017}, month={Jul}, pages={747–756}}
@article{Wilkinson_2017, title={Interoperability and FAIRness through a novel combination of Web technologies}, volume={3}, ISSN={2376-5992}, url={http://dx.doi.org/10.7717/peerj-cs.110}, DOI={10.7717/peerj-cs.110}, journal={PeerJ Computer Science}, publisher={PeerJ}, author={Wilkinson, Mark D. and Verborgh, Ruben and Bonino da Silva Santos, Luiz Olavo and Clark, Tim and Swertz, Morris A. and Kelpin, Fleur D.L. and Gray, Alasdair J.G. and Schultes, Erik A. and van Mulligen, Erik M. and Ciccarese, Paolo and et al.}, year={2017}, month={Apr}, pages={e110}}
@article{Soemedi_2017, title={Pathogenic variants that alter protein code often disrupt splicing}, volume={49}, ISSN={1546-1718}, url={http://dx.doi.org/10.1038/ng.3837}, DOI={10.1038/ng.3837}, number={6}, journal={Nature Genetics}, publisher={Springer Nature}, author={Soemedi, Rachel and Cygan, Kamil J and Rhine, Christy L and Wang, Jing and Bulacan, Charlston and Yang, John and Bayrak-Toydemir, Pinar and McDonald, Jamie and Fairbrother, William G}, year={2017}, month={Apr}, pages={848–855}}
@article{Huang_2017, title={Fast, scalable prediction of deleterious noncoding variants from functional and population genomic data}, volume={49}, ISSN={1546-1718}, url={http://dx.doi.org/10.1038/ng.3810}, DOI={10.1038/ng.3810}, number={4}, journal={Nature Genetics}, publisher={Springer Nature}, author={Huang, Yi-Fei and Gulko, Brad and Siepel, Adam}, year={2017}, month={Mar}, pages={618–624}}
@article{Rogers_2017, title={FATHMM-XF: accurate prediction of pathogenic point mutations via extended features}, ISSN={1460-2059}, url={http://dx.doi.org/10.1093/bioinformatics/btx536}, DOI={10.1093/bioinformatics/btx536}, journal={Bioinformatics}, publisher={Oxford University Press (OUP)}, author={Rogers, Mark F. and Shihab, Hashem A. and Mort, Matthew and Cooper, David N. and Gaunt, Tom R. and Campbell, Colin}, year={2017}, month={Sep}}
@article{Eilbeck_2017, title={Settling the score: variant prioritization and Mendelian disease}, volume={18}, ISSN={1471-0064}, url={http://dx.doi.org/10.1038/nrg.2017.52}, DOI={10.1038/nrg.2017.52}, number={10}, journal={Nature Reviews Genetics}, publisher={Springer Nature}, author={Eilbeck, Karen and Quinlan, Aaron and Yandell, Mark}, year={2017}, month={Aug}, pages={599–612}}
@article{Kremer_2017, title={Genetic diagnosis of Mendelian disorders via RNA sequencing}, volume={8}, ISSN={2041-1723}, url={http://dx.doi.org/10.1038/ncomms15824}, DOI={10.1038/ncomms15824}, journal={Nature Communications}, publisher={Springer Nature}, author={Kremer, Laura S. and Bader, Daniel M. and Mertes, Christian and Kopajtich, Robert and Pichler, Garwin and Iuso, Arcangela and Haack, Tobias B. and Graf, Elisabeth and Schwarzmayr, Thomas and Terrile, Caterina and et al.}, year={2017}, month={Jun}, pages={15824}}
@article{Cummings_2017, title={Improving genetic diagnosis in Mendelian disease with transcriptome sequencing}, volume={9}, ISSN={1946-6242}, url={http://dx.doi.org/10.1126/scitranslmed.aal5209}, DOI={10.1126/scitranslmed.aal5209}, number={386}, journal={Science Translational Medicine}, publisher={American Association for the Advancement of Science (AAAS)}, author={Cummings, Beryl B. and Marshall, Jamie L. and Tukiainen, Taru and Lek, Monkol and Donkervoort, Sandra and Foley, A. Reghan and Bolduc, Veronique and Waddell, Leigh B. and Sandaradura, Sarah A. and O’Grady, Gina L. and et al.}, year={2017}, month={Apr}, pages={eaal5209}}
@article{Cassa_2017, title={Estimating the selective effects of heterozygous protein-truncating variants from human exome data}, volume={49}, ISSN={1546-1718}, url={http://dx.doi.org/10.1038/ng.3831}, DOI={10.1038/ng.3831}, number={5}, journal={Nature Genetics}, publisher={Springer Nature}, author={Cassa, Christopher A and Weghorn, Donate and Balick, Daniel J and Jordan, Daniel M and Nusinow, David and Samocha, Kaitlin E and O’Donnell-Luria, Anne and MacArthur, Daniel G and Daly, Mark J and Beier, David R and et al.}, year={2017}, month={Apr}, pages={806–810}}
@article{Gussow_2017, title={Orion: Detecting regions of the human non-coding genome that are intolerant to variation using population genetics}, volume={12}, ISSN={1932-6203}, url={http://dx.doi.org/10.1371/journal.pone.0181604}, DOI={10.1371/journal.pone.0181604}, number={8}, journal={PLOS ONE}, publisher={Public Library of Science (PLoS)}, author={Gussow, Ayal B. and Copeland, Brett R. and Dhindsa, Ryan S. and Wang, Quanli and Petrovski, Slavé and Majoros, William H. and Allen, Andrew S. and Goldstein, David B.}, editor={Williams, Scott M.Editor}, year={2017}, month={Aug}, pages={e0181604}}
@article{Boyle_2017, title={An Expanded View of Complex Traits: From Polygenic to Omnigenic}, volume={169}, ISSN={0092-8674}, url={http://dx.doi.org/10.1016/j.cell.2017.05.038}, DOI={10.1016/j.cell.2017.05.038}, number={7}, journal={Cell}, publisher={Elsevier BV}, author={Boyle, Evan A. and Li, Yang I. and Pritchard, Jonathan K.}, year={2017}, month={Jun}, pages={1177–1186}}
@article{Boudellioua_2017, title={Semantic prioritization of novel causative genomic variants}, volume={13}, ISSN={1553-7358}, url={http://dx.doi.org/10.1371/journal.pcbi.1005500}, DOI={10.1371/journal.pcbi.1005500}, number={4}, journal={PLOS Computational Biology}, publisher={Public Library of Science (PLoS)}, author={Boudellioua, Imane and Mahamad Razali, Rozaimi B. and Kulmanov, Maxat and Hashish, Yasmeen and Bajic, Vladimir B. and Goncalves-Serra, Eva and Schoenmakers, Nadia and Gkoutos, Georgios V. and Schofield, Paul N. and Hoehndorf, Robert}, editor={Karchin, RachelEditor}, year={2017}, month={Apr}, pages={e1005500}}
@article{da_Veiga_Leprevost_2017, title={BioContainers: an open-source and community-driven framework for software standardization}, ISSN={1460-2059}, url={http://dx.doi.org/10.1093/bioinformatics/btx192}, DOI={10.1093/bioinformatics/btx192}, journal={Bioinformatics}, publisher={Oxford University Press (OUP)}, author={da Veiga Leprevost, Felipe and Grüning, Björn A. and Alves Aflitos, Saulo and Röst, Hannes L. and Uszkoreit, Julian and Barsnes, Harald and Vaudel, Marc and Moreno, Pablo and Gatto, Laurent and Weber, Jonas and et al.}, year={2017}, month={Mar}}
@article{Donald_2017, title={The association of low penetrance genetic risk modifiers with colorectal cancer in lynch syndrome patients: a systematic review and meta-analysis}, ISSN={1573-7292}, url={http://dx.doi.org/10.1007/s10689-017-9995-8}, DOI={10.1007/s10689-017-9995-8}, journal={Familial Cancer}, publisher={Springer Nature}, author={Donald, Neil and Malik, Salim and McGuire, Joshua L. and Monahan, Kevin J.}, year={2017}, month={May}}
